x,y,AP1:RSSI,AP2:RSSI,AP3:RSSI,AP4:RSSI,Capabilities,epochTime
1721,303,Eng2_04F-05:-60,Eng2_02F_A03:-73,108-4F-06:-87,Eng2_03F-05:-59,5,1574980293
0,0,Eng2_04F-05:-60,Eng2_02F_A03:-88,Eng2_03F-05:-80,Eng2_03F-04:-85,5,1574980295
0,0,Eng2_04F-05:-60,Eng2_02F_A03:-88,Eng2_03F-05:-80,Eng2_03F-04:-85,5,1574980297
0,0,Eng2_04F-05:-60,Eng2_02F_A03:-87,Eng2_02F_A04:-79,Eng2_03F-05:-80,5,1574980299
0,0,Eng2_04F-01:-83,Eng2_02F_A03:-87,Eng2_02F_A04:-79,Eng2_03F-05:-80,5,1574980301
1212,303,Eng2_04F-01:-83,Eng2_02F_A03:-87,Eng2_02F_A04:-76,Eng2_06F-04:-81,5,1574980303
0,0,Eng2_04F-01:-83,Eng2_02F_A03:-87,Eng2_02F_A04:-76,Eng2_06F-04:-81,5,1574980305
0,0,Eng2_04F-01:-83,Eng2_02F_A03:-87,Eng2_02F_A04:-76,Eng2_06F-04:-81,5,1574980307
0,0,Eng2_04F-01:-83,Eng2_02F_A03:-87,Eng2_02F_A04:-76,Eng2_06F-04:-81,5,1574980309
0,0,Eng2_04F-01:-83,Eng2_02F_A03:-87,Eng2_02F_A04:-76,Eng2_06F-04:-81,5,1574980311
0,0,Eng2_04F-01:-83,Eng2_02F_A03:-87,Eng2_02F_A04:-76,Eng2_06F-04:-81,5,1574980313
0,0,Eng2_04F-01:-83,Eng2_02F_A04:-76,Eng2_06F-04:-81,Eng2_03F-04:-72,5,1574980316
0,0,Eng2_04F-01:-83,Eng2_02F_A04:-76,Eng2_06F-04:-81,Eng2_03F-04:-72,5,1574980318
533,303,Eng2_04F-01:-83,Eng2_02F_A04:-80,Eng2_06F-04:-81,Eng2_03F-04:-81,5,1574980320
0,0,Eng2_04F-01:-83,Eng2_02F_A04:-80,Eng2_06F-04:-81,Eng2_03F-04:-81,5,1574980322
0,0,Eng2_04F-01:-83,Eng2_02F_A04:-80,Eng2_06F-04:-81,Eng2_03F-04:-81,5,1574980324
0,0,Eng2_04F-01:-83,Eng2_02F_A04:-80,Eng2_06F-04:-81,Eng2_03F-04:-81,5,1574980326
533,607,Eng2_04F-01:-83,Eng2_03F-04:-81,Eng2_04F-05:-76,Eng2_03F-02:-63,5,1574980328
0,0,Eng2_04F-01:-83,Eng2_03F-04:-81,Eng2_04F-05:-76,Eng2_03F-02:-63,5,1574980330
0,0,Eng2_04F-01:-82,Eng2_03F-04:-81,Eng2_04F-05:-83,Eng2_03F-02:-63,5,1574980332
0,0,Eng2_04F-01:-82,Eng2_03F-04:-81,Eng2_04F-05:-83,Eng2_03F-02:-63,5,1574980334
0,0,Eng2_04F-01:-82,Eng2_03F-04:-83,Eng2_04F-05:-81,Eng2_05F-05:-84,5,1574980336
0,0,Eng2_04F-01:-82,Eng1_01F_A21:-97,Eng2_03F-05:-81,Eng2_03F-04:-84,5,1574980338
0,0,Eng2_04F-01:-82,Eng1_01F_A22:-91,Eng1_01F_A21:-90,Eng2_03F-05:-81,5,1574980340
0,0,Eng2_04F-01:-82,Eng1_01F_A22:-91,Eng1_01F_A21:-92,Eng2_02F_A04:-92,5,1574980342
1212,607,Eng2_04F-01:-82,Eng1_01F_A22:-91,Eng1_01F_A21:-91,Eng2_02F_A04:-92,5,1574980344
0,0,Eng2_04F-01:-82,Eng1_01F_A22:-91,Eng1_01F_A21:-91,Eng2_02F_A04:-92,5,1574980346
0,0,Eng2_04F-01:-82,Eng1_01F_A22:-91,Eng1_01F_A21:-91,Eng2_02F_A04:-92,5,1574980348
0,0,Eng2_04F-01:-82,Eng1_01F_A22:-91,Eng1_01F_A21:-91,Eng2_02F_A04:-92,5,1574980350
0,0,Eng2_04F-01:-82,Eng2_02F_A03:-84,Eng1_01F_A22:-91,Eng1_01F_A21:-91,5,1574980352
0,0,Eng2_04F-01:-82,Eng2_02F_A03:-84,Eng1_01F_A21:-91,Eng2_06F-06:-73,5,1574980354
1721,607,Eng2_04F-01:-82,Eng2_02F_A03:-84,Eng1_01F_A21:-91,Eng2_06F-06:-82,5,1574980356
0,0,Eng2_04F-01:-82,Eng2_02F_A03:-84,Eng1_01F_A21:-91,Eng2_06F-06:-82,5,1574980358
0,0,Eng2_04F-01:-82,Eng2_02F_A03:-84,Eng1_01F_A21:-91,Eng2_06F-06:-66,5,1574980360
0,0,Eng2_04F-01:-82,Eng2_02F_A03:-84,Eng1_01F_A21:-91,Eng2_06F-06:-66,5,1574980362
0,0,Eng2_04F-01:-82,Eng2_02F_A03:-84,Eng2_03F-08:-87,Eng2_06F-06:-66,5,1574980364
0,0,Eng2_04F-01:-82,Eng2_02F_A03:-84,Eng2_03F-08:-82,Eng2_06F-06:-76,5,1574980366
0,0,Eng2_04F-01:-82,Eng2_02F_A03:-84,Eng2_03F-08:-82,Eng2_06F-06:-69,5,1574980368
2245,607,Eng2_04F-01:-82,Eng2_02F_A03:-84,Eng2_03F-08:-82,Eng2_06F-06:-69,5,1574980370
0,0,Eng2_04F-01:-82,Eng2_02F_A03:-84,Eng2_03F-08:-89,Eng2_06F-06:-75,5,1574980372
0,0,Eng2_04F-01:-82,Eng2_02F_A03:-84,Eng2_03F-08:-89,Eng2_06F-06:-75,5,1574980374
0,0,Eng2_04F-01:-82,Eng2_02F_A03:-84,Eng2_03F-08:-89,Eng2_06F-06:-75,5,1574980376
0,0,Eng2_04F-01:-82,Eng2_02F_A03:-84,Eng2_03F-08:-89,Eng2_06F-06:-72,5,1574980378
0,0,Eng2_04F-01:-82,Eng2_02F_A03:-84,Eng2_03F-08:-89,Eng2_06F-06:-72,5,1574980380
0,0,Eng2_04F-01:-82,Eng2_02F_A03:-87,Eng2_03F-08:-89,Eng2_06F-06:-72,5,1574980382
1721,607,Eng2_04F-01:-82,Eng2_02F_A03:-87,Eng2_03F-08:-89,Eng2_06F-06:-78,5,1574980384
0,0,Eng2_04F-01:-82,Eng2_02F_A03:-87,Eng2_03F-08:-89,Eng2_06F-06:-78,5,1574980386
0,0,Eng2_04F-01:-82,Eng2_02F_A03:-71,Eng2_03F-08:-89,Eng2_06F-06:-78,5,1574980388
0,0,Eng2_04F-01:-82,Eng2_02F_A03:-71,Eng2_03F-08:-89,Eng2_06F-06:-78,5,1574980390
1721,303,Eng2_04F-01:-82,Eng2_02F_A03:-79,Eng2_03F-05:-66,Eng2_03F-04:-88,5,1574980392
0,0,Eng2_04F-01:-82,Eng2_02F_A03:-83,Eng2_03F-08:-86,Eng2_03F-05:-84,5,1574980394
0,0,Eng2_04F-01:-82,Eng2_02F_A03:-88,Eng2_03F-08:-86,Eng2_03F-05:-84,5,1574980396
0,0,Eng2_04F-01:-82,Eng2_02F_A03:-88,Eng2_03F-08:-86,Eng2_03F-05:-84,5,1574980398
0,0,Eng2_04F-01:-82,Eng2_02F_A03:-88,Eng2_03F-08:-89,Eng2_06F-06:-88,5,1574980400
0,0,Eng2_04F-01:-82,Eng2_02F_A03:-88,Eng2_03F-08:-89,Eng2_06F-06:-88,5,1574980402
0,0,Eng2_04F-01:-82,Eng2_02F_A03:-88,Eng2_03F-08:-77,Eng2_06F-06:-88,5,1574980404
2245,303,Eng2_04F-01:-82,Eng2_02F_A03:-88,Eng2_03F-08:-77,Eng2_06F-06:-88,5,1574980406
0,0,Eng2_04F-01:-82,Eng2_02F_A03:-88,Eng2_03F-08:-84,Eng2_06F-06:-88,5,1574980408
0,0,Eng2_04F-01:-82,Eng2_02F_A03:-88,Eng2_03F-08:-84,Eng2_06F-06:-88,5,1574980410
0,0,Eng2_04F-01:-82,Eng2_02F_A03:-88,Eng2_03F-08:-86,Eng2_06F-06:-81,5,1574980412
0,0,Eng2_04F-01:-82,Eng2_02F_A03:-88,Eng2_03F-08:-86,Eng2_06F-06:-81,5,1574980414
0,0,Eng2_04F-01:-82,Eng2_02F_A03:-76,Eng2_03F-08:-90,Eng2_06F-06:-81,5,1574980416
0,0,Eng2_04F-01:-82,Eng2_02F_A03:-76,Eng2_03F-08:-90,Eng2_06F-06:-81,5,1574980418
0,0,Eng2_04F-01:-83,Eng2_02F_A03:-76,Eng2_02F_A04:-84,Eng2_03F-08:-90,5,1574980420
1721,303,Eng2_04F-01:-83,Eng2_02F_A03:-76,Eng2_02F_A04:-84,Eng2_03F-08:-90,5,1574980422
0,0,Eng2_04F-01:-83,Eng2_02F_A03:-77,Eng2_02F_A04:-84,Eng2_03F-05:-79,5,1574980424
0,0,Eng2_04F-01:-83,Eng2_02F_A03:-77,Eng2_02F_A04:-84,Eng2_03F-05:-79,5,1574980426
0,0,Eng2_04F-01:-83,Eng2_02F_A03:-77,Eng2_02F_A04:-77,Eng2_03F-05:-85,5,1574980428
0,0,Eng2_04F-01:-83,Eng2_02F_A03:-77,Eng2_02F_A04:-77,Eng2_03F-05:-85,5,1574980430
1212,303,Eng2_04F-01:-83,Eng2_02F_A03:-77,Eng2_02F_A04:-77,Eng2_03F-05:-85,5,1574980432
0,0,Eng2_04F-01:-83,Eng2_02F_A03:-77,Eng2_02F_A04:-77,Eng2_03F-05:-85,5,1574980434
0,0,Eng2_04F-01:-83,Eng2_02F_A03:-77,Eng2_02F_A04:-72,Eng2_03F-05:-85,5,1574980436
0,0,Eng2_04F-01:-83,Eng2_02F_A03:-77,Eng2_02F_A04:-72,Eng2_03F-05:-85,5,1574980438
1212,607,Eng2_04F-01:-83,Eng2_02F_A03:-77,Eng1_01F_A22:-88,Eng2_02F_A04:-72,5,1574980440
0,0,Eng2_04F-01:-83,Eng2_02F_A03:-77,Eng1_01F_A22:-88,Eng2_02F_A04:-72,5,1574980442
0,0,Eng2_04F-01:-83,Eng1_01F_A22:-88,Eng2_02F_A04:-72,Eng2_03F-05:-83,5,1574980444
0,0,Eng2_04F-01:-83,Eng1_01F_A22:-88,Eng2_02F_A04:-72,Eng2_03F-05:-85,5,1574980446
0,0,Eng2_04F-01:-83,Eng1_01F_A22:-88,Eng1_01F_A21:-88,Eng2_02F_A04:-72,5,1574980448
0,0,Eng2_04F-01:-83,Eng1_01F_A22:-88,Eng1_01F_A21:-88,Eng2_02F_A04:-72,5,1574980450
0,0,Eng2_04F-01:-83,Eng1_01F_A22:-88,Eng1_01F_A21:-88,Eng2_03F-05:-85,5,1574980452
0,0,Eng2_04F-01:-83,Eng1_01F_A22:-88,Eng1_01F_A21:-88,Eng2_03F-05:-85,5,1574980454
0,0,Eng2_04F-01:-83,Eng1_01F_A22:-88,Eng1_01F_A21:-88,Eng2_03F-05:-85,5,1574980456
533,607,Eng2_04F-01:-83,Eng1_01F_A22:-88,Eng1_01F_A21:-88,Eng2_03F-05:-85,5,1574980458
533,520,Eng2_04F-01:-83,Eng1_01F_A21:-88,Eng2_03F-05:-85,Eng2_06F-02:-50,5,1574980460
420,520,Eng2_04F-01:-83,Eng1_01F_A21:-88,Eng2_03F-05:-85,Eng2_06F-02:-50,5,1574980462
0,0,Eng2_04F-01:-83,Eng1_01F_A21:-88,Eng2_03F-05:-85,Eng2_06F-02:-50,5,1574980464
0,0,Eng2_04F-01:-83,Eng1_01F_A21:-88,Eng2_03F-05:-85,Eng2_06F-02:-50,5,1574980466
420,303,Eng2_04F-01:-83,Eng2_03F-05:-85,Eng2_03F-04:-87,Eng2_04F-05:-83,5,1574980468
0,0,Eng2_04F-01:-83,Eng2_03F-05:-85,Eng2_03F-04:-87,Eng2_04F-05:-83,5,1574980471
0,0,Eng2_04F-01:-83,Eng2_03F-05:-85,Eng2_03F-04:-87,Eng2_04F-05:-83,5,1574980473
0,0,Eng2_04F-01:-83,Eng2_03F-05:-85,Eng2_03F-04:-87,Eng2_04F-05:-83,5,1574980475
0,0,Eng2_04F-01:-83,Eng2_03F-05:-85,Eng2_03F-04:-87,Eng2_04F-05:-83,5,1574980477
63,303,Eng2_04F-01:-83,Eng2_03F-05:-85,Eng2_03F-04:-87,Eng2_04F-05:-83,5,1574980479
0,0,Eng2_04F-01:-83,Eng2_03F-04:-87,Eng2_04F-05:-83,Eng2_03F-02:-76,5,1574980481
0,0,Eng2_04F-01:-83,Eng2_03F-04:-87,Eng2_04F-05:-83,Eng2_03F-02:-76,5,1574980483
0,0,Eng2_04F-01:-83,Eng2_03F-04:-87,Eng2_04F-05:-83,Eng2_03F-02:-70,5,1574980485
0,0,Eng2_04F-01:-83,Eng2_03F-04:-87,Eng2_04F-05:-83,Eng2_03F-02:-70,5,1574980487
420,303,Eng2_04F-01:-83,Eng2_03F-04:-77,Eng2_04F-05:-80,Eng2_03F-02:-70,5,1574980489
0,0,Eng2_04F-01:-83,Eng2_03F-04:-77,Eng2_04F-05:-80,Eng2_03F-02:-70,5,1574980491
420,520,Eng2_04F-01:-83,Eng2_03F-04:-77,Eng2_04F-05:-80,Eng2_03F-02:-70,5,1574980493
420,607,Eng2_04F-01:-83,Eng2_03F-04:-77,Eng2_04F-05:-80,Eng2_03F-02:-70,5,1574980495
0,0,Eng2_04F-01:-83,Eng2_03F-04:-77,Eng2_04F-05:-80,Eng2_03F-02:-70,5,1574980497
0,0,Eng2_04F-01:-83,Eng2_03F-04:-77,Eng2_04F-05:-80,Eng2_03F-02:-70,5,1574980499
0,0,Eng2_04F-01:-83,Eng2_03F-04:-77,Eng2_04F-05:-80,Eng2_03F-02:-70,5,1574980501
0,0,Eng2_04F-01:-83,Eng2_03F-04:-77,Eng2_04F-05:-80,Eng2_03F-02:-70,5,1574980503
63,607,Eng2_04F-01:-83,Info_03F_A02:-85,Eng2_03F-04:-77,Eng2_04F-05:-80,5,1574980505
0,0,Eng2_04F-01:-83,Info_03F_A02:-85,Eng2_03F-04:-77,Eng2_04F-05:-80,5,1574980507
0,0,Eng2_04F-01:-83,Info_03F_A02:-85,Eng2_03F-04:-77,Eng2_04F-05:-80,5,1574980509
0,0,Eng2_04F-01:-77,Info_03F_A02:-85,Eng2_03F-04:-77,Eng2_04F-05:-80,5,1574980511
0,0,Eng2_04F-01:-77,Info_03F_A02:-85,Eng2_03F-04:-77,Eng2_04F-05:-80,5,1574980513
420,607,Eng2_04F-01:-77,Info_03F_A02:-85,Eng2_03F-04:-77,Eng2_04F-05:-80,5,1574980515
0,0,Eng2_04F-01:-77,Info_03F_A02:-85,Eng2_03F-04:-77,Eng2_04F-05:-80,5,1574980517
420,520,Eng2_04F-01:-77,Info_03F_A02:-85,Eng2_03F-04:-77,Eng2_04F-05:-80,5,1574980519
533,520,Eng2_04F-01:-77,Info_03F_A02:-85,Eng2_03F-04:-77,Eng2_04F-05:-80,5,1574980521
533,607,Eng2_04F-01:-77,Info_03F_A02:-85,Eng2_03F-04:-77,Eng2_04F-05:-80,5,1574980523
0,0,Eng2_04F-01:-77,Info_03F_A02:-85,Eng2_03F-05:-86,Eng2_03F-04:-86,5,1574980525
0,0,Eng2_04F-01:-77,Info_03F_A02:-85,Eng2_03F-05:-86,Eng2_03F-04:-86,5,1574980527
0,0,Eng2_04F-01:-77,Eng2_03F-05:-80,Eng2_03F-04:-86,Eng2_03F-02:-66,5,1574980529
0,0,Eng2_04F-01:-77,Eng2_03F-05:-80,Eng2_03F-04:-86,Eng2_03F-02:-66,5,1574980531
0,0,Eng2_04F-01:-77,Eng2_03F-05:-86,Eng2_03F-04:-75,Eng2_03F-02:-66,5,1574980533
0,0,Eng2_04F-01:-77,Eng2_03F-05:-76,Eng2_03F-04:-75,Eng2_05F-05:-75,5,1574980535
0,0,Eng2_04F-01:-77,Eng2_03F-05:-81,Eng2_03F-04:-80,Eng2_05F-05:-85,5,1574980537
0,0,Eng2_04F-01:-77,Eng2_03F-05:-81,Eng2_03F-04:-80,Eng2_05F-05:-85,5,1574980539
1212,607,Eng2_04F-01:-77,Eng2_02F_A04:-74,Eng2_03F-05:-77,Eng2_03F-04:-63,5,1574980541
0,0,Eng2_04F-01:-77,Eng2_02F_A04:-74,Eng2_03F-05:-77,Eng2_03F-04:-63,5,1574980543
0,0,Eng2_04F-01:-77,Eng2_02F_A04:-74,Eng2_03F-05:-77,Eng2_03F-04:-63,5,1574980545
1212,303,Eng2_04F-01:-77,Eng2_02F_A04:-73,Eng2_03F-05:-77,Eng2_03F-04:-61,5,1574980547
0,0,Eng2_04F-01:-77,Eng2_02F_A03:-87,Eng2_02F_A04:-70,Eng2_03F-05:-77,5,1574980549
0,0,Eng2_04F-01:-77,Eng2_02F_A03:-87,Eng2_02F_A04:-70,Eng2_03F-05:-77,5,1574980551
0,0,Eng2_04F-01:-77,Eng2_02F_A03:-84,Eng2_02F_A04:-70,Eng2_03F-05:-77,5,1574980553
0,0,Eng2_04F-01:-77,Eng2_02F_A03:-84,Eng2_02F_A04:-70,Eng2_03F-05:-77,5,1574980555
0,0,Eng2_04F-01:-77,Eng2_02F_A03:-84,Eng2_02F_A04:-70,Eng2_03F-05:-83,5,1574980557
1721,303,Eng2_04F-01:-77,Eng2_02F_A03:-10,Eng2_02F_A04:-70,Eng2_03F-08:-87,5,1574980559
0,0,Eng2_04F-01:-77,Eng2_02F_A03:-80,Eng2_03F-08:-87,Eng2_02F_A05:-87,5,1574980561
0,0,Eng2_04F-01:-77,Eng2_02F_A03:-80,Eng2_03F-08:-87,Eng2_02F_A05:-87,5,1574980563
0,0,Eng2_04F-01:-77,Eng2_02F_A03:-80,Eng2_03F-08:-87,Eng2_02F_A05:-87,5,1574980565
1721,607,Eng2_04F-01:-77,Eng2_02F_A03:-80,Eng2_03F-08:-87,Eng2_02F_A05:-87,5,1574980567
0,0,Eng2_04F-01:-77,Eng2_02F_A03:-80,Eng2_03F-08:-87,Eng2_02F_A05:-87,5,1574980569
0,0,Eng2_04F-01:-77,Eng2_02F_A03:-80,Eng2_02F_A05:-87,Eng2_06F-06:-82,5,1574980571
0,0,Eng2_04F-01:-77,Eng2_02F_A03:-80,Eng2_02F_A05:-87,Eng2_06F-06:-82,5,1574980573
0,0,Eng2_04F-01:-77,Eng2_02F_A03:-80,Eng2_02F_A05:-87,Eng2_06F-06:-82,5,1574980575
0,0,Eng2_04F-01:-77,Eng2_02F_A03:-80,Eng2_02F_A05:-87,Eng2_06F-06:-82,5,1574980577
1212,607,Eng2_04F-01:-77,Eng2_02F_A05:-87,Eng2_06F-06:-82,Eng2_03F-05:-71,5,1574980579
0,0,Eng2_04F-01:-77,Eng2_06F-06:-82,Eng2_03F-05:-78,Eng2_06F-04:-71,5,1574980581
0,0,Eng2_04F-01:-77,Eng2_03F-05:-78,Eng2_06F-04:-71,Eng2_03F-04:-79,5,1574980583
0,0,Eng2_04F-01:-77,Eng2_03F-05:-87,Eng2_06F-04:-71,Eng2_03F-04:-79,5,1574980585
0,0,Eng2_04F-01:-77,Eng2_03F-05:-87,Eng2_06F-04:-71,Eng2_03F-04:-79,5,1574980587
0,0,Eng2_04F-01:-77,Eng2_03F-05:-87,Eng2_06F-04:-71,Eng2_03F-04:-79,5,1574980589
0,0,Eng2_04F-01:-77,Eng2_03F-05:-87,Eng2_06F-04:-71,Eng2_03F-04:-79,5,1574980591
0,0,Eng2_04F-01:-77,Eng2_03F-05:-86,Eng2_03F-02:-70,Eng2_05F-05:-82,5,1574980593
533,607,Eng2_04F-01:-77,Eng2_03F-05:-86,Eng2_03F-02:-70,Eng2_05F-05:-82,5,1574980595
0,0,Eng2_04F-01:-77,Eng2_03F-05:-86,Eng2_03F-02:-74,Eng2_05F-05:-82,5,1574980597
0,0,Eng2_04F-01:-77,Eng2_03F-05:-86,Eng2_03F-02:-74,Eng2_05F-05:-82,5,1574980599
0,0,Eng2_04F-01:-85,Eng2_03F-05:-86,Eng2_03F-02:-72,Eng2_05F-05:-82,5,1574980601
533,303,Eng2_04F-01:-85,Eng2_03F-05:-86,Eng2_03F-02:-72,Eng2_05F-05:-82,5,1574980603
0,0,Eng2_04F-01:-85,Eng2_03F-05:-86,Eng2_03F-04:-72,Eng2_04F-05:-61,5,1574980605
0,0,Eng2_04F-01:-85,Eng2_03F-05:-86,Eng2_03F-04:-72,Eng2_04F-05:-61,5,1574980607
0,0,Eng2_04F-01:-85,Eng2_03F-05:-86,Eng2_03F-04:-71,Eng2_04F-05:-64,5,1574980609
0,0,Eng2_04F-01:-85,Eng2_03F-05:-86,Eng2_03F-04:-71,Eng2_04F-05:-64,5,1574980611
0,0,Eng2_04F-01:-85,Eng2_03F-04:-62,Eng2_04F-05:-71,Eng2_03F-02:-74,5,1574980613
0,0,Eng2_04F-01:-85,Eng2_03F-04:-62,Eng2_04F-05:-71,Eng2_03F-02:-74,5,1574980615
0,0,Eng2_04F-01:-85,Eng2_02F_A04:-82,Eng2_06F-04:-79,Eng2_03F-04:-81,5,1574980617
1212,303,Eng2_04F-01:-85,Eng2_02F_A04:-82,Eng2_06F-04:-79,Eng2_03F-04:-81,5,1574980619
0,0,Eng2_04F-01:-85,Eng2_02F_A04:-73,Eng2_06F-04:-79,Eng2_03F-04:-72,5,1574980621
0,0,Eng2_04F-01:-85,Eng2_02F_A04:-73,Eng2_06F-04:-79,Eng2_03F-04:-72,5,1574980623
0,0,Eng2_04F-01:-85,Eng2_02F_A04:-82,Eng2_03F-05:-84,Eng2_06F-04:-79,5,1574980625
1212,607,Eng2_04F-01:-85,Eng2_02F_A04:-82,Eng2_03F-05:-84,Eng2_06F-04:-79,5,1574980627
0,0,Eng2_04F-01:-85,Eng2_02F_A04:-82,Eng2_06F-06:-84,Eng2_03F-05:-75,5,1574980629
0,0,Eng2_04F-01:-85,Eng2_02F_A04:-82,Eng2_06F-06:-84,Eng2_03F-05:-75,5,1574980631
0,0,Eng2_04F-01:-85,Eng2_02F_A04:-82,Eng2_06F-06:-84,Eng2_03F-05:-66,5,1574980633
0,0,Eng2_04F-01:-85,Eng2_02F_A04:-82,Eng2_06F-06:-83,Eng2_03F-05:-59,5,1574980635
0,0,Eng2_04F-01:-85,Eng2_02F_A04:-82,Eng2_06F-06:-83,Eng2_03F-05:-68,5,1574980637
1721,607,Eng2_04F-01:-85,Eng2_02F_A04:-82,Eng2_06F-06:-83,Eng2_03F-05:-68,5,1574980639
0,0,Eng2_04F-01:-85,Eng2_02F_A03:-75,Eng2_06F-06:-86,Eng2_03F-05:-63,5,1574980642
0,0,Eng2_04F-01:-85,Eng2_02F_A03:-75,Eng2_06F-06:-86,Eng2_03F-05:-63,5,1574980644
0,0,Eng2_04F-01:-85,Eng2_02F_A03:-78,Eng2_06F-06:-86,Eng2_03F-05:-63,5,1574980646
1721,303,Eng2_04F-01:-85,Eng2_02F_A03:-81,Eng2_06F-06:-86,Eng2_03F-05:-72,5,1574980648
0,0,Eng2_04F-01:-85,Eng2_02F_A03:-83,Eng2_03F-08:-88,Eng2_06F-06:-86,5,1574980650
0,0,Eng2_04F-01:-85,Eng2_02F_A03:-83,Eng2_03F-08:-88,Eng2_06F-06:-86,5,1574980652
0,0,Eng2_04F-01:-85,Eng2_02F_A03:-81,Eng2_03F-08:-76,Eng2_06F-06:-86,5,1574980654
0,0,Eng2_04F-01:-85,Eng2_02F_A03:-81,Eng2_03F-08:-76,Eng2_07F-06:-85,5,1574980656
0,0,Eng2_04F-01:-85,Eng2_02F_A03:-81,Eng2_03F-08:-74,Eng2_06F-07:-83,5,1574980658
0,0,Eng2_04F-01:-85,Eng2_02F_A03:-81,Eng2_03F-08:-74,Eng2_06F-07:-83,5,1574980660
2245,303,Eng2_04F-01:-85,Eng2_02F_A03:-81,Eng2_03F-08:-80,Eng2_06F-07:-72,5,1574980662
0,0,Eng2_04F-01:-85,Eng2_02F_A03:-81,Eng2_03F-08:-80,Eng2_06F-07:-72,5,1574980664
0,0,Eng2_04F-01:-85,Eng2_03F-08:-87,Eng2_06F-07:-72,Eng2_07F-06:-66,5,1574980666
0,0,Eng2_04F-01:-85,Eng2_03F-08:-87,Eng2_06F-07:-72,Eng2_07F-06:-66,5,1574980668
0,0,Eng2_04F-01:-85,Eng2_03F-08:-87,Eng2_06F-07:-72,Eng2_07F-06:-66,5,1574980670
0,0,Eng2_04F-01:-85,Eng2_03F-08:-87,Eng2_06F-07:-72,Eng2_07F-06:-66,5,1574980672
0,0,Eng2_04F-01:-85,Eng2_02F_A03:-81,Eng2_03F-08:-87,Eng2_06F-07:-72,5,1574980674
1721,303,Eng2_04F-01:-85,Eng2_02F_A03:-81,Eng2_03F-08:-87,Eng2_06F-07:-72,5,1574980676
0,0,Eng2_04F-01:-85,Eng2_02F_A03:-79,Eng2_03F-05:-61,Eng2_03F-04:-81,5,1574980678
0,0,Eng2_04F-01:-85,Eng2_02F_A03:-79,Eng2_03F-05:-61,Eng2_03F-04:-81,5,1574980680
0,0,Eng2_04F-01:-85,Eng2_02F_A03:-79,Eng2_06F-06:-80,Eng2_03F-05:-65,5,1574980682
1721,607,Eng2_04F-01:-85,Eng2_02F_A03:-79,Eng2_06F-06:-80,Eng2_03F-05:-65,5,1574980684
0,0,Eng2_04F-01:-85,Eng2_02F_A03:-79,Eng2_06F-06:-75,Eng2_03F-05:-62,5,1574980686
0,0,Eng2_04F-01:-85,Eng2_02F_A03:-79,Eng2_06F-06:-75,Eng2_03F-05:-62,5,1574980688
0,0,Eng2_04F-01:-85,Eng2_02F_A03:-79,Eng2_03F-08:-84,Eng2_06F-06:-75,5,1574980690
0,0,Eng2_04F-01:-86,Eng2_02F_A03:-79,Eng2_03F-08:-86,Eng2_06F-06:-70,5,1574980692
0,0,Eng2_04F-01:-86,Eng2_02F_A03:-79,Eng2_03F-08:-86,Eng2_06F-06:-75,5,1574980694
0,0,Eng2_04F-01:-86,Eng2_02F_A03:-79,Eng2_03F-08:-86,Eng2_06F-06:-75,5,1574980696
2245,607,Eng2_04F-01:-86,Eng2_02F_A03:-79,Eng2_03F-08:-87,Eng2_06F-06:-71,5,1574980698
0,0,Eng2_04F-01:-86,Eng2_02F_A03:-79,Eng2_03F-08:-87,Eng2_06F-06:-71,5,1574980700
0,0,Eng2_04F-01:-86,Eng2_02F_A03:-79,Eng2_03F-08:-88,Eng2_06F-06:-67,5,1574980702
0,0,Eng2_04F-01:-86,Eng2_02F_A03:-79,Eng2_03F-08:-88,Eng2_06F-06:-67,5,1574980704
0,0,Eng2_04F-01:-86,Eng2_03F-08:-88,Eng2_06F-06:-70,Eng2_05F-07:-77,5,1574980706
0,0,Eng2_04F-01:-86,Eng2_03F-08:-88,Eng2_06F-06:-70,Eng2_05F-07:-77,5,1574980708
0,0,Eng2_04F-01:-86,Eng2_03F-08:-88,Eng2_06F-06:-70,Eng2_05F-07:-87,5,1574980710
1721,607,Eng2_04F-01:-86,Eng2_03F-08:-88,Eng2_06F-06:-70,Eng2_05F-07:-87,5,1574980712
0,0,Eng2_04F-01:-86,Eng2_06F-06:-70,Eng2_05F-07:-87,Eng2_03F-05:-64,5,1574980714
0,0,Eng2_04F-01:-86,Eng2_06F-06:-87,Eng2_05F-07:-87,Eng2_03F-05:-72,5,1574980716
0,0,Eng2_04F-01:-86,Eng1_01F_A21:-82,Eng2_06F-06:-87,Eng2_05F-07:-87,5,1574980718
0,0,Eng2_04F-01:-86,Eng1_01F_A21:-82,Eng2_06F-06:-87,Eng2_05F-07:-87,5,1574980720
0,0,Eng2_04F-01:-86,Eng1_01F_A21:-82,Eng2_06F-06:-87,Eng2_03F-05:-61,5,1574980722
1212,607,Eng2_04F-01:-86,Eng1_01F_A21:-82,Eng2_06F-06:-87,Eng2_03F-05:-61,5,1574980724
0,0,Eng2_04F-01:-86,Eng1_01F_A21:-89,Eng2_06F-06:-87,Eng2_03F-05:-82,5,1574980726
0,0,Eng2_04F-01:-86,Eng1_01F_A21:-89,Eng2_03F-05:-82,Eng2_06F-04:-78,5,1574980728
0,0,Eng2_04F-01:-86,Eng2_03F-05:-82,Eng2_06F-04:-77,Eng2_03F-04:-86,5,1574980730
0,0,Eng2_04F-01:-86,Eng2_03F-05:-82,Eng2_06F-04:-77,Eng2_03F-04:-86,5,1574980732
0,0,Eng2_04F-01:-86,Eng2_03F-05:-81,Eng2_06F-04:-77,Eng2_03F-04:-86,5,1574980734
0,0,Eng2_04F-01:-86,Eng2_03F-05:-81,Eng2_06F-04:-77,Eng2_03F-04:-86,5,1574980736
0,0,Eng2_04F-01:-86,Eng2_03F-05:-82,Eng2_04F-05:-86,Eng2_03F-02:-81,5,1574980738
533,607,Eng2_04F-01:-86,Eng2_03F-05:-81,Eng2_04F-05:-78,Eng2_03F-02:-81,5,1574980740
533,520,Eng2_04F-01:-86,Eng2_03F-05:-81,Eng2_04F-05:-78,Eng2_03F-02:-80,5,1574980742
0,0,Eng2_04F-01:-86,Eng2_03F-05:-81,Eng2_04F-05:-78,Eng2_03F-02:-80,5,1574980744
420,520,Eng2_04F-01:-86,Info_02F_A01:-89,Info_02F_A03:-84,Info_03F_A07:-90,5,1574980746
420,607,Eng2_04F-01:-86,Info_02F_A01:-89,Info_02F_A03:-84,Info_03F_A07:-90,5,1574980748
0,0,Eng2_04F-01:-86,Info_02F_A01:-89,Info_02F_A03:-84,Info_04F_A05:-85,5,1574980750
0,0,Eng2_04F-01:-86,Info_02F_A01:-89,Info_02F_A03:-84,Info_04F_A05:-85,5,1574980752
0,0,Eng2_04F-01:-86,Info_02F_A01:-89,Info_02F_A03:-84,Info_04F_A05:-85,5,1574980754
0,0,Eng2_04F-01:-86,Info_02F_A01:-89,Info_02F_A03:-84,Info_04F_A05:-85,5,1574980756
63,607,Eng2_04F-01:-86,Info_02F_A01:-89,Info_02F_A03:-84,Info_04F_A05:-85,5,1574980758
0,0,Eng2_04F-01:-86,Info_02F_A01:-89,Info_02F_A03:-84,Info_04F_A05:-85,5,1574980760
0,0,Eng2_04F-01:-86,Info_02F_A01:-89,Info_02F_A03:-84,Info_04F_A05:-85,5,1574980762
0,0,Eng2_04F-01:-86,Info_02F_A01:-89,Info_02F_A03:-84,Info_04F_A05:-85,5,1574980764
0,0,Eng2_04F-01:-86,Info_02F_A01:-89,Info_02F_A03:-84,Info_04F_A05:-85,5,1574980766
420,607,Eng2_04F-01:-86,Info_02F_A01:-89,Info_02F_A03:-84,Info_04F_A05:-85,5,1574980768
0,0,Eng2_04F-01:-86,Info_02F_A01:-89,Info_02F_A03:-84,Info_04F_A05:-85,5,1574980770
0,0,Eng2_04F-01:-86,Info_02F_A01:-89,Info_02F_A03:-84,Info_04F_A05:-85,5,1574980772
420,303,Eng2_04F-01:-86,Info_02F_A01:-89,Info_02F_A03:-84,Info_04F_A05:-85,5,1574980774
0,0,Eng2_04F-01:-86,Info_02F_A01:-89,Info_02F_A03:-84,Info_04F_A05:-85,5,1574980776
0,0,Eng2_04F-01:-86,Info_02F_A01:-89,Info_02F_A03:-84,Info_04F_A05:-85,5,1574980778
0,0,Eng2_04F-01:-78,Info_02F_A01:-89,Info_02F_A03:-84,Info_04F_A05:-85,5,1574980780
0,0,Eng2_04F-01:-78,Info_02F_A01:-89,Info_02F_A03:-84,Info_04F_A05:-85,5,1574980782
63,303,Eng2_04F-01:-78,Info_02F_A01:-89,Info_02F_A03:-84,Info_04F_A05:-85,5,1574980784
0,0,Eng2_04F-01:-78,Info_02F_A01:-89,Info_02F_A03:-84,Info_04F_A05:-85,5,1574980786
0,0,Eng2_04F-01:-78,Info_02F_A01:-89,Info_02F_A03:-84,Info_04F_A05:-85,5,1574980788
0,0,Eng2_04F-01:-78,Info_02F_A01:-89,Info_02F_A03:-84,Info_04F_A05:-85,5,1574980790
0,0,Eng2_04F-01:-78,Info_02F_A01:-89,Info_02F_A03:-84,Info_04F_A05:-85,5,1574980792
420,303,Eng2_04F-01:-78,Info_02F_A01:-89,Info_04F_A05:-85,Eng2_03F-04:-78,5,1574980794
0,0,Eng2_04F-01:-78,Info_02F_A01:-89,Info_04F_A05:-85,Eng2_03F-04:-78,5,1574980796
420,520,Eng2_04F-01:-78,Info_02F_A01:-89,Info_04F_A05:-85,Eng2_03F-04:-78,5,1574980798
0,0,Eng2_04F-01:-78,Info_02F_A01:-89,Info_04F_A05:-85,Eng2_03F-04:-78,5,1574980800
533,520,Eng2_04F-01:-78,Info_02F_A01:-89,Info_04F_A05:-85,Eng2_03F-04:-78,5,1574980802
0,0,Eng2_04F-01:-78,Info_02F_A01:-89,Info_04F_A05:-85,Eng2_03F-04:-78,5,1574980804
0,0,Eng2_04F-01:-78,Info_02F_A01:-89,Eng2_03F-04:-82,Eng2_04F-05:-71,5,1574980807
533,303,Eng2_04F-01:-78,Info_02F_A01:-89,Eng2_03F-04:-82,Eng2_04F-05:-71,5,1574980809
0,0,Eng2_04F-01:-78,Eng2_03F-04:-67,Eng2_04F-05:-57,Eng2_03F-02:-74,5,1574980811
0,0,Eng2_04F-01:-78,Eng2_03F-04:-67,Eng2_04F-05:-57,Eng2_03F-02:-74,5,1574980813
0,0,Eng2_04F-01:-78,Eng2_03F-04:-70,Eng2_04F-05:-62,Eng2_03F-02:-84,5,1574980815
0,0,Eng2_04F-01:-78,Eng2_03F-04:-70,Eng2_04F-05:-62,Eng2_03F-02:-84,5,1574980817
0,0,Eng2_04F-01:-78,Eng2_02F_A04:-81,Eng2_03F-04:-65,Eng2_04F-05:-69,5,1574980819
0,0,Eng2_04F-01:-78,Eng2_02F_A04:-81,Eng2_03F-04:-65,Eng2_04F-05:-69,5,1574980821
0,0,Eng2_04F-01:-78,Eng2_02F_A04:-73,Eng2_03F-04:-52,Eng2_04F-05:-69,5,1574980823
1212,303,Eng2_04F-01:-78,Eng2_02F_A04:-73,Eng2_03F-04:-52,Eng2_04F-05:-69,5,1574980825
0,0,Eng2_04F-01:-78,Eng2_02F_A03:-86,Eng2_02F_A04:-75,Eng2_03F-04:-71,5,1574980827
0,0,Eng2_04F-01:-78,Eng2_02F_A03:-86,Eng2_02F_A04:-82,Eng2_03F-04:-71,5,1574980829
0,0,Eng2_04F-01:-78,Eng2_02F_A03:-86,Eng2_02F_A04:-82,Eng2_03F-05:-82,5,1574980831
0,0,Eng2_04F-01:-78,Eng2_02F_A03:-86,Eng2_02F_A04:-82,Eng2_03F-05:-82,5,1574980833
0,0,Eng2_04F-01:-78,Eng2_02F_A03:-86,Eng2_02F_A04:-82,Eng2_07F-06:-84,5,1574980835
1721,303,Eng2_04F-01:-78,Eng2_02F_A03:-86,Eng2_02F_A04:-82,Eng2_07F-06:-84,5,1574980837
0,0,Eng2_04F-01:-78,Eng2_02F_A03:-86,Eng2_02F_A04:-82,Eng2_07F-06:-84,5,1574980839
0,0,Eng2_04F-01:-78,Eng2_02F_A03:-86,Eng2_02F_A04:-82,Eng2_07F-06:-84,5,1574980841
0,0,Eng2_04F-01:-78,Eng2_02F_A03:-78,Eng2_07F-06:-84,Eng2_03F-05:-74,5,1574980843
1721,607,Eng2_04F-01:-78,Eng2_02F_A03:-78,Eng2_07F-06:-84,Eng2_03F-05:-74,5,1574980845
0,0,Eng2_04F-01:-78,Eng2_02F_A03:-76,Eng2_06F-06:-84,Eng2_07F-06:-84,5,1574980847
0,0,Eng2_04F-01:-78,Eng2_02F_A03:-76,Eng2_06F-06:-84,Eng2_07F-06:-84,5,1574980849
0,0,Eng2_04F-01:-78,Eng2_02F_A03:-76,Eng2_06F-06:-84,Eng2_03F-05:-72,5,1574980851
0,0,Eng2_04F-01:-78,Eng2_02F_A03:-76,Eng2_06F-06:-84,Eng2_03F-05:-72,5,1574980853
0,0,Eng2_04F-01:-78,Eng2_02F_A03:-76,Eng2_06F-06:-84,Eng2_03F-05:-74,5,1574980855
1212,607,Eng2_04F-01:-78,Eng2_02F_A03:-76,Eng2_06F-06:-84,Eng2_03F-05:-74,5,1574980857
0,0,Eng2_04F-01:-78,Eng2_02F_A03:-76,Eng2_06F-06:-84,Eng2_03F-05:-74,5,1574980859
0,0,Eng2_04F-01:-78,Eng2_02F_A03:-76,Eng2_06F-06:-84,Eng2_03F-05:-74,5,1574980861
0,0,Eng2_04F-01:-78,Eng2_02F_A04:-78,Eng2_06F-06:-84,Eng2_03F-05:-74,5,1574980863
1212,303,Eng2_04F-01:-78,Eng2_02F_A04:-78,Eng2_03F-05:-74,Eng2_06F-04:-84,5,1574980865
0,0,Eng2_04F-01:-78,Eng2_02F_A03:-73,Eng2_02F_A04:-79,Eng2_06F-04:-84,5,1574980867
0,0,Eng2_04F-01:-78,Eng2_02F_A03:-73,Eng2_02F_A04:-79,Eng2_06F-04:-84,5,1574980869
0,0,Eng2_04F-01:-84,Eng2_02F_A03:-68,Eng2_02F_A04:-79,Eng2_06F-04:-84,5,1574980871
0,0,Eng2_04F-01:-84,Eng2_02F_A03:-68,Eng2_02F_A04:-79,Eng2_06F-04:-84,5,1574980873
1721,303,Eng2_04F-01:-84,Eng2_02F_A03:-68,Eng2_02F_A04:-79,Eng2_03F-08:-90,5,1574980875
