x,y,AP1:RSSI,AP2:RSSI,AP3:RSSI,AP4:RSSI,Capabilities,epochTime
560.0,100.0,Eng2_04F-05:-60,Eng2_02F_A03:-73,108-4F-06:-87,Eng2_03F-05:-59,5,1574980293
530.0,100.0,Eng2_04F-05:-60,Eng2_02F_A03:-88,Eng2_03F-05:-80,Eng2_03F-04:-85,5,1574980295
490.0,100.0,Eng2_04F-05:-60,Eng2_02F_A03:-88,Eng2_03F-05:-80,Eng2_03F-04:-85,5,1574980297
460.0,100.0,Eng2_04F-05:-60,Eng2_02F_A03:-87,Eng2_02F_A04:-79,Eng2_03F-05:-80,5,1574980299
430.0,100.0,Eng2_04F-01:-83,Eng2_02F_A03:-87,Eng2_02F_A04:-79,Eng2_03F-05:-80,5,1574980301
390.0,100.0,Eng2_04F-01:-83,Eng2_02F_A03:-87,Eng2_02F_A04:-76,Eng2_06F-04:-81,5,1574980303
370.0,100.0,Eng2_04F-01:-83,Eng2_02F_A03:-87,Eng2_02F_A04:-76,Eng2_06F-04:-81,5,1574980305
340.0,100.0,Eng2_04F-01:-83,Eng2_02F_A03:-87,Eng2_02F_A04:-76,Eng2_06F-04:-81,5,1574980307
310.0,100.0,Eng2_04F-01:-83,Eng2_02F_A03:-87,Eng2_02F_A04:-76,Eng2_06F-04:-81,5,1574980309
280.0,100.0,Eng2_04F-01:-83,Eng2_02F_A03:-87,Eng2_02F_A04:-76,Eng2_06F-04:-81,5,1574980311
260.0,100.0,Eng2_04F-01:-83,Eng2_02F_A03:-87,Eng2_02F_A04:-76,Eng2_06F-04:-81,5,1574980313
230.0,100.0,Eng2_04F-01:-83,Eng2_02F_A04:-76,Eng2_06F-04:-81,Eng2_03F-04:-72,5,1574980316
200.0,100.0,Eng2_04F-01:-83,Eng2_02F_A04:-76,Eng2_06F-04:-81,Eng2_03F-04:-72,5,1574980318
170.0,100.0,Eng2_04F-01:-83,Eng2_02F_A04:-80,Eng2_06F-04:-81,Eng2_03F-04:-81,5,1574980320
170.0,120.0,Eng2_04F-01:-83,Eng2_02F_A04:-80,Eng2_06F-04:-81,Eng2_03F-04:-81,5,1574980322
170.0,150.0,Eng2_04F-01:-83,Eng2_02F_A04:-80,Eng2_06F-04:-81,Eng2_03F-04:-81,5,1574980324
170.0,170.0,Eng2_04F-01:-83,Eng2_02F_A04:-80,Eng2_06F-04:-81,Eng2_03F-04:-81,5,1574980326
170.0,200.0,Eng2_04F-01:-83,Eng2_03F-04:-81,Eng2_04F-05:-76,Eng2_03F-02:-63,5,1574980328
200.0,200.0,Eng2_04F-01:-83,Eng2_03F-04:-81,Eng2_04F-05:-76,Eng2_03F-02:-63,5,1574980330
230.0,200.0,Eng2_04F-01:-82,Eng2_03F-04:-81,Eng2_04F-05:-83,Eng2_03F-02:-63,5,1574980332
260.0,200.0,Eng2_04F-01:-82,Eng2_03F-04:-81,Eng2_04F-05:-83,Eng2_03F-02:-63,5,1574980334
280.0,200.0,Eng2_04F-01:-82,Eng2_03F-04:-83,Eng2_04F-05:-81,Eng2_05F-05:-84,5,1574980336
310.0,200.0,Eng2_04F-01:-82,Eng1_01F_A21:-97,Eng2_03F-05:-81,Eng2_03F-04:-84,5,1574980338
340.0,200.0,Eng2_04F-01:-82,Eng1_01F_A22:-91,Eng1_01F_A21:-90,Eng2_03F-05:-81,5,1574980340
370.0,200.0,Eng2_04F-01:-82,Eng1_01F_A22:-91,Eng1_01F_A21:-92,Eng2_02F_A04:-92,5,1574980342
390.0,200.0,Eng2_04F-01:-82,Eng1_01F_A22:-91,Eng1_01F_A21:-91,Eng2_02F_A04:-92,5,1574980344
420.0,200.0,Eng2_04F-01:-82,Eng1_01F_A22:-91,Eng1_01F_A21:-91,Eng2_02F_A04:-92,5,1574980346
450.0,200.0,Eng2_04F-01:-82,Eng1_01F_A22:-91,Eng1_01F_A21:-91,Eng2_02F_A04:-92,5,1574980348
480.0,200.0,Eng2_04F-01:-82,Eng1_01F_A22:-91,Eng1_01F_A21:-91,Eng2_02F_A04:-92,5,1574980350
500.0,200.0,Eng2_04F-01:-82,Eng2_02F_A03:-84,Eng1_01F_A22:-91,Eng1_01F_A21:-91,5,1574980352
530.0,200.0,Eng2_04F-01:-82,Eng2_02F_A03:-84,Eng1_01F_A21:-91,Eng2_06F-06:-73,5,1574980354
560.0,200.0,Eng2_04F-01:-82,Eng2_02F_A03:-84,Eng1_01F_A21:-91,Eng2_06F-06:-82,5,1574980356
580.0,200.0,Eng2_04F-01:-82,Eng2_02F_A03:-84,Eng1_01F_A21:-91,Eng2_06F-06:-82,5,1574980358
610.0,200.0,Eng2_04F-01:-82,Eng2_02F_A03:-84,Eng1_01F_A21:-91,Eng2_06F-06:-66,5,1574980360
630.0,200.0,Eng2_04F-01:-82,Eng2_02F_A03:-84,Eng1_01F_A21:-91,Eng2_06F-06:-66,5,1574980362
660.0,200.0,Eng2_04F-01:-82,Eng2_02F_A03:-84,Eng2_03F-08:-87,Eng2_06F-06:-66,5,1574980364
680.0,200.0,Eng2_04F-01:-82,Eng2_02F_A03:-84,Eng2_03F-08:-82,Eng2_06F-06:-76,5,1574980366
710.0,200.0,Eng2_04F-01:-82,Eng2_02F_A03:-84,Eng2_03F-08:-82,Eng2_06F-06:-69,5,1574980368
730.0,200.0,Eng2_04F-01:-82,Eng2_02F_A03:-84,Eng2_03F-08:-82,Eng2_06F-06:-69,5,1574980370
710.0,200.0,Eng2_04F-01:-82,Eng2_02F_A03:-84,Eng2_03F-08:-89,Eng2_06F-06:-75,5,1574980372
680.0,200.0,Eng2_04F-01:-82,Eng2_02F_A03:-84,Eng2_03F-08:-89,Eng2_06F-06:-75,5,1574980374
660.0,200.0,Eng2_04F-01:-82,Eng2_02F_A03:-84,Eng2_03F-08:-89,Eng2_06F-06:-75,5,1574980376
630.0,200.0,Eng2_04F-01:-82,Eng2_02F_A03:-84,Eng2_03F-08:-89,Eng2_06F-06:-72,5,1574980378
610.0,200.0,Eng2_04F-01:-82,Eng2_02F_A03:-84,Eng2_03F-08:-89,Eng2_06F-06:-72,5,1574980380
580.0,200.0,Eng2_04F-01:-82,Eng2_02F_A03:-87,Eng2_03F-08:-89,Eng2_06F-06:-72,5,1574980382
560.0,200.0,Eng2_04F-01:-82,Eng2_02F_A03:-87,Eng2_03F-08:-89,Eng2_06F-06:-78,5,1574980384
560.0,170.0,Eng2_04F-01:-82,Eng2_02F_A03:-87,Eng2_03F-08:-89,Eng2_06F-06:-78,5,1574980386
560.0,150.0,Eng2_04F-01:-82,Eng2_02F_A03:-71,Eng2_03F-08:-89,Eng2_06F-06:-78,5,1574980388
560.0,120.0,Eng2_04F-01:-82,Eng2_02F_A03:-71,Eng2_03F-08:-89,Eng2_06F-06:-78,5,1574980390
560.0,100.0,Eng2_04F-01:-82,Eng2_02F_A03:-79,Eng2_03F-05:-66,Eng2_03F-04:-88,5,1574980392
580.0,100.0,Eng2_04F-01:-82,Eng2_02F_A03:-83,Eng2_03F-08:-86,Eng2_03F-05:-84,5,1574980394
610.0,100.0,Eng2_04F-01:-82,Eng2_02F_A03:-88,Eng2_03F-08:-86,Eng2_03F-05:-84,5,1574980396
630.0,100.0,Eng2_04F-01:-82,Eng2_02F_A03:-88,Eng2_03F-08:-86,Eng2_03F-05:-84,5,1574980398
660.0,100.0,Eng2_04F-01:-82,Eng2_02F_A03:-88,Eng2_03F-08:-89,Eng2_06F-06:-88,5,1574980400
680.0,100.0,Eng2_04F-01:-82,Eng2_02F_A03:-88,Eng2_03F-08:-89,Eng2_06F-06:-88,5,1574980402
710.0,100.0,Eng2_04F-01:-82,Eng2_02F_A03:-88,Eng2_03F-08:-77,Eng2_06F-06:-88,5,1574980404
730.0,100.0,Eng2_04F-01:-82,Eng2_02F_A03:-88,Eng2_03F-08:-77,Eng2_06F-06:-88,5,1574980406
710.0,100.0,Eng2_04F-01:-82,Eng2_02F_A03:-88,Eng2_03F-08:-84,Eng2_06F-06:-88,5,1574980408
690.0,100.0,Eng2_04F-01:-82,Eng2_02F_A03:-88,Eng2_03F-08:-84,Eng2_06F-06:-88,5,1574980410
670.0,100.0,Eng2_04F-01:-82,Eng2_02F_A03:-88,Eng2_03F-08:-86,Eng2_06F-06:-81,5,1574980412
640.0,100.0,Eng2_04F-01:-82,Eng2_02F_A03:-88,Eng2_03F-08:-86,Eng2_06F-06:-81,5,1574980414
620.0,100.0,Eng2_04F-01:-82,Eng2_02F_A03:-76,Eng2_03F-08:-90,Eng2_06F-06:-81,5,1574980416
600.0,100.0,Eng2_04F-01:-82,Eng2_02F_A03:-76,Eng2_03F-08:-90,Eng2_06F-06:-81,5,1574980418
580.0,100.0,Eng2_04F-01:-83,Eng2_02F_A03:-76,Eng2_02F_A04:-84,Eng2_03F-08:-90,5,1574980420
560.0,100.0,Eng2_04F-01:-83,Eng2_02F_A03:-76,Eng2_02F_A04:-84,Eng2_03F-08:-90,5,1574980422
530.0,100.0,Eng2_04F-01:-83,Eng2_02F_A03:-77,Eng2_02F_A04:-84,Eng2_03F-05:-79,5,1574980424
490.0,100.0,Eng2_04F-01:-83,Eng2_02F_A03:-77,Eng2_02F_A04:-84,Eng2_03F-05:-79,5,1574980426
460.0,100.0,Eng2_04F-01:-83,Eng2_02F_A03:-77,Eng2_02F_A04:-77,Eng2_03F-05:-85,5,1574980428
430.0,100.0,Eng2_04F-01:-83,Eng2_02F_A03:-77,Eng2_02F_A04:-77,Eng2_03F-05:-85,5,1574980430
390.0,100.0,Eng2_04F-01:-83,Eng2_02F_A03:-77,Eng2_02F_A04:-77,Eng2_03F-05:-85,5,1574980432
390.0,120.0,Eng2_04F-01:-83,Eng2_02F_A03:-77,Eng2_02F_A04:-77,Eng2_03F-05:-85,5,1574980434
390.0,150.0,Eng2_04F-01:-83,Eng2_02F_A03:-77,Eng2_02F_A04:-72,Eng2_03F-05:-85,5,1574980436
390.0,170.0,Eng2_04F-01:-83,Eng2_02F_A03:-77,Eng2_02F_A04:-72,Eng2_03F-05:-85,5,1574980438
390.0,200.0,Eng2_04F-01:-83,Eng2_02F_A03:-77,Eng1_01F_A22:-88,Eng2_02F_A04:-72,5,1574980440
370.0,200.0,Eng2_04F-01:-83,Eng2_02F_A03:-77,Eng1_01F_A22:-88,Eng2_02F_A04:-72,5,1574980442
340.0,200.0,Eng2_04F-01:-83,Eng1_01F_A22:-88,Eng2_02F_A04:-72,Eng2_03F-05:-83,5,1574980444
320.0,200.0,Eng2_04F-01:-83,Eng1_01F_A22:-88,Eng2_02F_A04:-72,Eng2_03F-05:-85,5,1574980446
300.0,200.0,Eng2_04F-01:-83,Eng1_01F_A22:-88,Eng1_01F_A21:-88,Eng2_02F_A04:-72,5,1574980448
270.0,200.0,Eng2_04F-01:-83,Eng1_01F_A22:-88,Eng1_01F_A21:-88,Eng2_02F_A04:-72,5,1574980450
250.0,200.0,Eng2_04F-01:-83,Eng1_01F_A22:-88,Eng1_01F_A21:-88,Eng2_03F-05:-85,5,1574980452
220.0,200.0,Eng2_04F-01:-83,Eng1_01F_A22:-88,Eng1_01F_A21:-88,Eng2_03F-05:-85,5,1574980454
200.0,200.0,Eng2_04F-01:-83,Eng1_01F_A22:-88,Eng1_01F_A21:-88,Eng2_03F-05:-85,5,1574980456
170.0,200.0,Eng2_04F-01:-83,Eng1_01F_A22:-88,Eng1_01F_A21:-88,Eng2_03F-05:-85,5,1574980458
170.0,170.0,Eng2_04F-01:-83,Eng1_01F_A21:-88,Eng2_03F-05:-85,Eng2_06F-02:-50,5,1574980460
140.0,170.0,Eng2_04F-01:-83,Eng1_01F_A21:-88,Eng2_03F-05:-85,Eng2_06F-02:-50,5,1574980462
140.0,150.0,Eng2_04F-01:-83,Eng1_01F_A21:-88,Eng2_03F-05:-85,Eng2_06F-02:-50,5,1574980464
140.0,120.0,Eng2_04F-01:-83,Eng1_01F_A21:-88,Eng2_03F-05:-85,Eng2_06F-02:-50,5,1574980466
140.0,100.0,Eng2_04F-01:-83,Eng2_03F-05:-85,Eng2_03F-04:-87,Eng2_04F-05:-83,5,1574980468
110.0,100.0,Eng2_04F-01:-83,Eng2_03F-05:-85,Eng2_03F-04:-87,Eng2_04F-05:-83,5,1574980471
90.0,100.0,Eng2_04F-01:-83,Eng2_03F-05:-85,Eng2_03F-04:-87,Eng2_04F-05:-83,5,1574980473
70.0,100.0,Eng2_04F-01:-83,Eng2_03F-05:-85,Eng2_03F-04:-87,Eng2_04F-05:-83,5,1574980475
40.0,100.0,Eng2_04F-01:-83,Eng2_03F-05:-85,Eng2_03F-04:-87,Eng2_04F-05:-83,5,1574980477
20.0,100.0,Eng2_04F-01:-83,Eng2_03F-05:-85,Eng2_03F-04:-87,Eng2_04F-05:-83,5,1574980479
40.0,100.0,Eng2_04F-01:-83,Eng2_03F-04:-87,Eng2_04F-05:-83,Eng2_03F-02:-76,5,1574980481
70.0,100.0,Eng2_04F-01:-83,Eng2_03F-04:-87,Eng2_04F-05:-83,Eng2_03F-02:-76,5,1574980483
90.0,100.0,Eng2_04F-01:-83,Eng2_03F-04:-87,Eng2_04F-05:-83,Eng2_03F-02:-70,5,1574980485
110.0,100.0,Eng2_04F-01:-83,Eng2_03F-04:-87,Eng2_04F-05:-83,Eng2_03F-02:-70,5,1574980487
140.0,100.0,Eng2_04F-01:-83,Eng2_03F-04:-77,Eng2_04F-05:-80,Eng2_03F-02:-70,5,1574980489
140.0,130.0,Eng2_04F-01:-83,Eng2_03F-04:-77,Eng2_04F-05:-80,Eng2_03F-02:-70,5,1574980491
140.0,170.0,Eng2_04F-01:-83,Eng2_03F-04:-77,Eng2_04F-05:-80,Eng2_03F-02:-70,5,1574980493
140.0,200.0,Eng2_04F-01:-83,Eng2_03F-04:-77,Eng2_04F-05:-80,Eng2_03F-02:-70,5,1574980495
110.0,200.0,Eng2_04F-01:-83,Eng2_03F-04:-77,Eng2_04F-05:-80,Eng2_03F-02:-70,5,1574980497
90.0,200.0,Eng2_04F-01:-83,Eng2_03F-04:-77,Eng2_04F-05:-80,Eng2_03F-02:-70,5,1574980499
70.0,200.0,Eng2_04F-01:-83,Eng2_03F-04:-77,Eng2_04F-05:-80,Eng2_03F-02:-70,5,1574980501
40.0,200.0,Eng2_04F-01:-83,Eng2_03F-04:-77,Eng2_04F-05:-80,Eng2_03F-02:-70,5,1574980503
20.0,200.0,Eng2_04F-01:-83,Info_03F_A02:-85,Eng2_03F-04:-77,Eng2_04F-05:-80,5,1574980505
40.0,200.0,Eng2_04F-01:-83,Info_03F_A02:-85,Eng2_03F-04:-77,Eng2_04F-05:-80,5,1574980507
70.0,200.0,Eng2_04F-01:-83,Info_03F_A02:-85,Eng2_03F-04:-77,Eng2_04F-05:-80,5,1574980509
90.0,200.0,Eng2_04F-01:-77,Info_03F_A02:-85,Eng2_03F-04:-77,Eng2_04F-05:-80,5,1574980511
110.0,200.0,Eng2_04F-01:-77,Info_03F_A02:-85,Eng2_03F-04:-77,Eng2_04F-05:-80,5,1574980513
140.0,200.0,Eng2_04F-01:-77,Info_03F_A02:-85,Eng2_03F-04:-77,Eng2_04F-05:-80,5,1574980515
140.0,180.0,Eng2_04F-01:-77,Info_03F_A02:-85,Eng2_03F-04:-77,Eng2_04F-05:-80,5,1574980517
140.0,170.0,Eng2_04F-01:-77,Info_03F_A02:-85,Eng2_03F-04:-77,Eng2_04F-05:-80,5,1574980519
170.0,170.0,Eng2_04F-01:-77,Info_03F_A02:-85,Eng2_03F-04:-77,Eng2_04F-05:-80,5,1574980521
170.0,200.0,Eng2_04F-01:-77,Info_03F_A02:-85,Eng2_03F-04:-77,Eng2_04F-05:-80,5,1574980523
200.0,200.0,Eng2_04F-01:-77,Info_03F_A02:-85,Eng2_03F-05:-86,Eng2_03F-04:-86,5,1574980525
220.0,200.0,Eng2_04F-01:-77,Info_03F_A02:-85,Eng2_03F-05:-86,Eng2_03F-04:-86,5,1574980527
250.0,200.0,Eng2_04F-01:-77,Eng2_03F-05:-80,Eng2_03F-04:-86,Eng2_03F-02:-66,5,1574980529
270.0,200.0,Eng2_04F-01:-77,Eng2_03F-05:-80,Eng2_03F-04:-86,Eng2_03F-02:-66,5,1574980531
300.0,200.0,Eng2_04F-01:-77,Eng2_03F-05:-86,Eng2_03F-04:-75,Eng2_03F-02:-66,5,1574980533
320.0,200.0,Eng2_04F-01:-77,Eng2_03F-05:-76,Eng2_03F-04:-75,Eng2_05F-05:-75,5,1574980535
340.0,200.0,Eng2_04F-01:-77,Eng2_03F-05:-81,Eng2_03F-04:-80,Eng2_05F-05:-85,5,1574980537
370.0,200.0,Eng2_04F-01:-77,Eng2_03F-05:-81,Eng2_03F-04:-80,Eng2_05F-05:-85,5,1574980539
390.0,200.0,Eng2_04F-01:-77,Eng2_02F_A04:-74,Eng2_03F-05:-77,Eng2_03F-04:-63,5,1574980541
390.0,160.0,Eng2_04F-01:-77,Eng2_02F_A04:-74,Eng2_03F-05:-77,Eng2_03F-04:-63,5,1574980543
390.0,130.0,Eng2_04F-01:-77,Eng2_02F_A04:-74,Eng2_03F-05:-77,Eng2_03F-04:-63,5,1574980545
390.0,100.0,Eng2_04F-01:-77,Eng2_02F_A04:-73,Eng2_03F-05:-77,Eng2_03F-04:-61,5,1574980547
420.0,100.0,Eng2_04F-01:-77,Eng2_02F_A03:-87,Eng2_02F_A04:-70,Eng2_03F-05:-77,5,1574980549
450.0,100.0,Eng2_04F-01:-77,Eng2_02F_A03:-87,Eng2_02F_A04:-70,Eng2_03F-05:-77,5,1574980551
480.0,100.0,Eng2_04F-01:-77,Eng2_02F_A03:-84,Eng2_02F_A04:-70,Eng2_03F-05:-77,5,1574980553
500.0,100.0,Eng2_04F-01:-77,Eng2_02F_A03:-84,Eng2_02F_A04:-70,Eng2_03F-05:-77,5,1574980555
530.0,100.0,Eng2_04F-01:-77,Eng2_02F_A03:-84,Eng2_02F_A04:-70,Eng2_03F-05:-83,5,1574980557
560.0,100.0,Eng2_04F-01:-77,Eng2_02F_A03:-10,Eng2_02F_A04:-70,Eng2_03F-08:-87,5,1574980559
560.0,120.0,Eng2_04F-01:-77,Eng2_02F_A03:-80,Eng2_03F-08:-87,Eng2_02F_A05:-87,5,1574980561
560.0,150.0,Eng2_04F-01:-77,Eng2_02F_A03:-80,Eng2_03F-08:-87,Eng2_02F_A05:-87,5,1574980563
560.0,170.0,Eng2_04F-01:-77,Eng2_02F_A03:-80,Eng2_03F-08:-87,Eng2_02F_A05:-87,5,1574980565
560.0,200.0,Eng2_04F-01:-77,Eng2_02F_A03:-80,Eng2_03F-08:-87,Eng2_02F_A05:-87,5,1574980567
530.0,200.0,Eng2_04F-01:-77,Eng2_02F_A03:-80,Eng2_03F-08:-87,Eng2_02F_A05:-87,5,1574980569
500.0,200.0,Eng2_04F-01:-77,Eng2_02F_A03:-80,Eng2_02F_A05:-87,Eng2_06F-06:-82,5,1574980571
480.0,200.0,Eng2_04F-01:-77,Eng2_02F_A03:-80,Eng2_02F_A05:-87,Eng2_06F-06:-82,5,1574980573
450.0,200.0,Eng2_04F-01:-77,Eng2_02F_A03:-80,Eng2_02F_A05:-87,Eng2_06F-06:-82,5,1574980575
420.0,200.0,Eng2_04F-01:-77,Eng2_02F_A03:-80,Eng2_02F_A05:-87,Eng2_06F-06:-82,5,1574980577
390.0,200.0,Eng2_04F-01:-77,Eng2_02F_A05:-87,Eng2_06F-06:-82,Eng2_03F-05:-71,5,1574980579
370.0,200.0,Eng2_04F-01:-77,Eng2_06F-06:-82,Eng2_03F-05:-78,Eng2_06F-04:-71,5,1574980581
340.0,200.0,Eng2_04F-01:-77,Eng2_03F-05:-78,Eng2_06F-04:-71,Eng2_03F-04:-79,5,1574980583
310.0,200.0,Eng2_04F-01:-77,Eng2_03F-05:-87,Eng2_06F-04:-71,Eng2_03F-04:-79,5,1574980585
280.0,200.0,Eng2_04F-01:-77,Eng2_03F-05:-87,Eng2_06F-04:-71,Eng2_03F-04:-79,5,1574980587
260.0,200.0,Eng2_04F-01:-77,Eng2_03F-05:-87,Eng2_06F-04:-71,Eng2_03F-04:-79,5,1574980589
230.0,200.0,Eng2_04F-01:-77,Eng2_03F-05:-87,Eng2_06F-04:-71,Eng2_03F-04:-79,5,1574980591
200.0,200.0,Eng2_04F-01:-77,Eng2_03F-05:-86,Eng2_03F-02:-70,Eng2_05F-05:-82,5,1574980593
170.0,200.0,Eng2_04F-01:-77,Eng2_03F-05:-86,Eng2_03F-02:-70,Eng2_05F-05:-82,5,1574980595
170.0,170.0,Eng2_04F-01:-77,Eng2_03F-05:-86,Eng2_03F-02:-74,Eng2_05F-05:-82,5,1574980597
170.0,150.0,Eng2_04F-01:-77,Eng2_03F-05:-86,Eng2_03F-02:-74,Eng2_05F-05:-82,5,1574980599
170.0,120.0,Eng2_04F-01:-85,Eng2_03F-05:-86,Eng2_03F-02:-72,Eng2_05F-05:-82,5,1574980601
170.0,100.0,Eng2_04F-01:-85,Eng2_03F-05:-86,Eng2_03F-02:-72,Eng2_05F-05:-82,5,1574980603
200.0,100.0,Eng2_04F-01:-85,Eng2_03F-05:-86,Eng2_03F-04:-72,Eng2_04F-05:-61,5,1574980605
230.0,100.0,Eng2_04F-01:-85,Eng2_03F-05:-86,Eng2_03F-04:-72,Eng2_04F-05:-61,5,1574980607
260.0,100.0,Eng2_04F-01:-85,Eng2_03F-05:-86,Eng2_03F-04:-71,Eng2_04F-05:-64,5,1574980609
280.0,100.0,Eng2_04F-01:-85,Eng2_03F-05:-86,Eng2_03F-04:-71,Eng2_04F-05:-64,5,1574980611
310.0,100.0,Eng2_04F-01:-85,Eng2_03F-04:-62,Eng2_04F-05:-71,Eng2_03F-02:-74,5,1574980613
340.0,100.0,Eng2_04F-01:-85,Eng2_03F-04:-62,Eng2_04F-05:-71,Eng2_03F-02:-74,5,1574980615
370.0,100.0,Eng2_04F-01:-85,Eng2_02F_A04:-82,Eng2_06F-04:-79,Eng2_03F-04:-81,5,1574980617
390.0,100.0,Eng2_04F-01:-85,Eng2_02F_A04:-82,Eng2_06F-04:-79,Eng2_03F-04:-81,5,1574980619
390.0,120.0,Eng2_04F-01:-85,Eng2_02F_A04:-73,Eng2_06F-04:-79,Eng2_03F-04:-72,5,1574980621
390.0,150.0,Eng2_04F-01:-85,Eng2_02F_A04:-73,Eng2_06F-04:-79,Eng2_03F-04:-72,5,1574980623
390.0,170.0,Eng2_04F-01:-85,Eng2_02F_A04:-82,Eng2_03F-05:-84,Eng2_06F-04:-79,5,1574980625
390.0,200.0,Eng2_04F-01:-85,Eng2_02F_A04:-82,Eng2_03F-05:-84,Eng2_06F-04:-79,5,1574980627
420.0,200.0,Eng2_04F-01:-85,Eng2_02F_A04:-82,Eng2_06F-06:-84,Eng2_03F-05:-75,5,1574980629
450.0,200.0,Eng2_04F-01:-85,Eng2_02F_A04:-82,Eng2_06F-06:-84,Eng2_03F-05:-75,5,1574980631
480.0,200.0,Eng2_04F-01:-85,Eng2_02F_A04:-82,Eng2_06F-06:-84,Eng2_03F-05:-66,5,1574980633
500.0,200.0,Eng2_04F-01:-85,Eng2_02F_A04:-82,Eng2_06F-06:-83,Eng2_03F-05:-59,5,1574980635
530.0,200.0,Eng2_04F-01:-85,Eng2_02F_A04:-82,Eng2_06F-06:-83,Eng2_03F-05:-68,5,1574980637
560.0,200.0,Eng2_04F-01:-85,Eng2_02F_A04:-82,Eng2_06F-06:-83,Eng2_03F-05:-68,5,1574980639
560.0,170.0,Eng2_04F-01:-85,Eng2_02F_A03:-75,Eng2_06F-06:-86,Eng2_03F-05:-63,5,1574980642
560.0,150.0,Eng2_04F-01:-85,Eng2_02F_A03:-75,Eng2_06F-06:-86,Eng2_03F-05:-63,5,1574980644
560.0,120.0,Eng2_04F-01:-85,Eng2_02F_A03:-78,Eng2_06F-06:-86,Eng2_03F-05:-63,5,1574980646
560.0,100.0,Eng2_04F-01:-85,Eng2_02F_A03:-81,Eng2_06F-06:-86,Eng2_03F-05:-72,5,1574980648
580.0,100.0,Eng2_04F-01:-85,Eng2_02F_A03:-83,Eng2_03F-08:-88,Eng2_06F-06:-86,5,1574980650
610.0,100.0,Eng2_04F-01:-85,Eng2_02F_A03:-83,Eng2_03F-08:-88,Eng2_06F-06:-86,5,1574980652
630.0,100.0,Eng2_04F-01:-85,Eng2_02F_A03:-81,Eng2_03F-08:-76,Eng2_06F-06:-86,5,1574980654
660.0,100.0,Eng2_04F-01:-85,Eng2_02F_A03:-81,Eng2_03F-08:-76,Eng2_07F-06:-85,5,1574980656
680.0,100.0,Eng2_04F-01:-85,Eng2_02F_A03:-81,Eng2_03F-08:-74,Eng2_06F-07:-83,5,1574980658
710.0,100.0,Eng2_04F-01:-85,Eng2_02F_A03:-81,Eng2_03F-08:-74,Eng2_06F-07:-83,5,1574980660
730.0,100.0,Eng2_04F-01:-85,Eng2_02F_A03:-81,Eng2_03F-08:-80,Eng2_06F-07:-72,5,1574980662
710.0,100.0,Eng2_04F-01:-85,Eng2_02F_A03:-81,Eng2_03F-08:-80,Eng2_06F-07:-72,5,1574980664
680.0,100.0,Eng2_04F-01:-85,Eng2_03F-08:-87,Eng2_06F-07:-72,Eng2_07F-06:-66,5,1574980666
660.0,100.0,Eng2_04F-01:-85,Eng2_03F-08:-87,Eng2_06F-07:-72,Eng2_07F-06:-66,5,1574980668
630.0,100.0,Eng2_04F-01:-85,Eng2_03F-08:-87,Eng2_06F-07:-72,Eng2_07F-06:-66,5,1574980670
610.0,100.0,Eng2_04F-01:-85,Eng2_03F-08:-87,Eng2_06F-07:-72,Eng2_07F-06:-66,5,1574980672
580.0,100.0,Eng2_04F-01:-85,Eng2_02F_A03:-81,Eng2_03F-08:-87,Eng2_06F-07:-72,5,1574980674
560.0,100.0,Eng2_04F-01:-85,Eng2_02F_A03:-81,Eng2_03F-08:-87,Eng2_06F-07:-72,5,1574980676
560.0,120.0,Eng2_04F-01:-85,Eng2_02F_A03:-79,Eng2_03F-05:-61,Eng2_03F-04:-81,5,1574980678
560.0,150.0,Eng2_04F-01:-85,Eng2_02F_A03:-79,Eng2_03F-05:-61,Eng2_03F-04:-81,5,1574980680
560.0,170.0,Eng2_04F-01:-85,Eng2_02F_A03:-79,Eng2_06F-06:-80,Eng2_03F-05:-65,5,1574980682
560.0,200.0,Eng2_04F-01:-85,Eng2_02F_A03:-79,Eng2_06F-06:-80,Eng2_03F-05:-65,5,1574980684
580.0,200.0,Eng2_04F-01:-85,Eng2_02F_A03:-79,Eng2_06F-06:-75,Eng2_03F-05:-62,5,1574980686
610.0,200.0,Eng2_04F-01:-85,Eng2_02F_A03:-79,Eng2_06F-06:-75,Eng2_03F-05:-62,5,1574980688
630.0,200.0,Eng2_04F-01:-85,Eng2_02F_A03:-79,Eng2_03F-08:-84,Eng2_06F-06:-75,5,1574980690
660.0,200.0,Eng2_04F-01:-86,Eng2_02F_A03:-79,Eng2_03F-08:-86,Eng2_06F-06:-70,5,1574980692
680.0,200.0,Eng2_04F-01:-86,Eng2_02F_A03:-79,Eng2_03F-08:-86,Eng2_06F-06:-75,5,1574980694
710.0,200.0,Eng2_04F-01:-86,Eng2_02F_A03:-79,Eng2_03F-08:-86,Eng2_06F-06:-75,5,1574980696
730.0,200.0,Eng2_04F-01:-86,Eng2_02F_A03:-79,Eng2_03F-08:-87,Eng2_06F-06:-71,5,1574980698
710.0,200.0,Eng2_04F-01:-86,Eng2_02F_A03:-79,Eng2_03F-08:-87,Eng2_06F-06:-71,5,1574980700
680.0,200.0,Eng2_04F-01:-86,Eng2_02F_A03:-79,Eng2_03F-08:-88,Eng2_06F-06:-67,5,1574980702
660.0,200.0,Eng2_04F-01:-86,Eng2_02F_A03:-79,Eng2_03F-08:-88,Eng2_06F-06:-67,5,1574980704
630.0,200.0,Eng2_04F-01:-86,Eng2_03F-08:-88,Eng2_06F-06:-70,Eng2_05F-07:-77,5,1574980706
610.0,200.0,Eng2_04F-01:-86,Eng2_03F-08:-88,Eng2_06F-06:-70,Eng2_05F-07:-77,5,1574980708
580.0,200.0,Eng2_04F-01:-86,Eng2_03F-08:-88,Eng2_06F-06:-70,Eng2_05F-07:-87,5,1574980710
560.0,200.0,Eng2_04F-01:-86,Eng2_03F-08:-88,Eng2_06F-06:-70,Eng2_05F-07:-87,5,1574980712
530.0,200.0,Eng2_04F-01:-86,Eng2_06F-06:-70,Eng2_05F-07:-87,Eng2_03F-05:-64,5,1574980714
500.0,200.0,Eng2_04F-01:-86,Eng2_06F-06:-87,Eng2_05F-07:-87,Eng2_03F-05:-72,5,1574980716
480.0,200.0,Eng2_04F-01:-86,Eng1_01F_A21:-82,Eng2_06F-06:-87,Eng2_05F-07:-87,5,1574980718
450.0,200.0,Eng2_04F-01:-86,Eng1_01F_A21:-82,Eng2_06F-06:-87,Eng2_05F-07:-87,5,1574980720
420.0,200.0,Eng2_04F-01:-86,Eng1_01F_A21:-82,Eng2_06F-06:-87,Eng2_03F-05:-61,5,1574980722
390.0,200.0,Eng2_04F-01:-86,Eng1_01F_A21:-82,Eng2_06F-06:-87,Eng2_03F-05:-61,5,1574980724
370.0,200.0,Eng2_04F-01:-86,Eng1_01F_A21:-89,Eng2_06F-06:-87,Eng2_03F-05:-82,5,1574980726
340.0,200.0,Eng2_04F-01:-86,Eng1_01F_A21:-89,Eng2_03F-05:-82,Eng2_06F-04:-78,5,1574980728
310.0,200.0,Eng2_04F-01:-86,Eng2_03F-05:-82,Eng2_06F-04:-77,Eng2_03F-04:-86,5,1574980730
280.0,200.0,Eng2_04F-01:-86,Eng2_03F-05:-82,Eng2_06F-04:-77,Eng2_03F-04:-86,5,1574980732
260.0,200.0,Eng2_04F-01:-86,Eng2_03F-05:-81,Eng2_06F-04:-77,Eng2_03F-04:-86,5,1574980734
230.0,200.0,Eng2_04F-01:-86,Eng2_03F-05:-81,Eng2_06F-04:-77,Eng2_03F-04:-86,5,1574980736
200.0,200.0,Eng2_04F-01:-86,Eng2_03F-05:-82,Eng2_04F-05:-86,Eng2_03F-02:-81,5,1574980738
170.0,200.0,Eng2_04F-01:-86,Eng2_03F-05:-81,Eng2_04F-05:-78,Eng2_03F-02:-81,5,1574980740
170.0,170.0,Eng2_04F-01:-86,Eng2_03F-05:-81,Eng2_04F-05:-78,Eng2_03F-02:-80,5,1574980742
150.0,170.0,Eng2_04F-01:-86,Eng2_03F-05:-81,Eng2_04F-05:-78,Eng2_03F-02:-80,5,1574980744
140.0,170.0,Eng2_04F-01:-86,Info_02F_A01:-89,Info_02F_A03:-84,Info_03F_A07:-90,5,1574980746
140.0,200.0,Eng2_04F-01:-86,Info_02F_A01:-89,Info_02F_A03:-84,Info_03F_A07:-90,5,1574980748
110.0,200.0,Eng2_04F-01:-86,Info_02F_A01:-89,Info_02F_A03:-84,Info_04F_A05:-85,5,1574980750
90.0,200.0,Eng2_04F-01:-86,Info_02F_A01:-89,Info_02F_A03:-84,Info_04F_A05:-85,5,1574980752
70.0,200.0,Eng2_04F-01:-86,Info_02F_A01:-89,Info_02F_A03:-84,Info_04F_A05:-85,5,1574980754
40.0,200.0,Eng2_04F-01:-86,Info_02F_A01:-89,Info_02F_A03:-84,Info_04F_A05:-85,5,1574980756
20.0,200.0,Eng2_04F-01:-86,Info_02F_A01:-89,Info_02F_A03:-84,Info_04F_A05:-85,5,1574980758
40.0,200.0,Eng2_04F-01:-86,Info_02F_A01:-89,Info_02F_A03:-84,Info_04F_A05:-85,5,1574980760
70.0,200.0,Eng2_04F-01:-86,Info_02F_A01:-89,Info_02F_A03:-84,Info_04F_A05:-85,5,1574980762
90.0,200.0,Eng2_04F-01:-86,Info_02F_A01:-89,Info_02F_A03:-84,Info_04F_A05:-85,5,1574980764
110.0,200.0,Eng2_04F-01:-86,Info_02F_A01:-89,Info_02F_A03:-84,Info_04F_A05:-85,5,1574980766
140.0,200.0,Eng2_04F-01:-86,Info_02F_A01:-89,Info_02F_A03:-84,Info_04F_A05:-85,5,1574980768
140.0,160.0,Eng2_04F-01:-86,Info_02F_A01:-89,Info_02F_A03:-84,Info_04F_A05:-85,5,1574980770
140.0,130.0,Eng2_04F-01:-86,Info_02F_A01:-89,Info_02F_A03:-84,Info_04F_A05:-85,5,1574980772
140.0,100.0,Eng2_04F-01:-86,Info_02F_A01:-89,Info_02F_A03:-84,Info_04F_A05:-85,5,1574980774
110.0,100.0,Eng2_04F-01:-86,Info_02F_A01:-89,Info_02F_A03:-84,Info_04F_A05:-85,5,1574980776
90.0,100.0,Eng2_04F-01:-86,Info_02F_A01:-89,Info_02F_A03:-84,Info_04F_A05:-85,5,1574980778
70.0,100.0,Eng2_04F-01:-78,Info_02F_A01:-89,Info_02F_A03:-84,Info_04F_A05:-85,5,1574980780
40.0,100.0,Eng2_04F-01:-78,Info_02F_A01:-89,Info_02F_A03:-84,Info_04F_A05:-85,5,1574980782
20.0,100.0,Eng2_04F-01:-78,Info_02F_A01:-89,Info_02F_A03:-84,Info_04F_A05:-85,5,1574980784
40.0,100.0,Eng2_04F-01:-78,Info_02F_A01:-89,Info_02F_A03:-84,Info_04F_A05:-85,5,1574980786
70.0,100.0,Eng2_04F-01:-78,Info_02F_A01:-89,Info_02F_A03:-84,Info_04F_A05:-85,5,1574980788
90.0,100.0,Eng2_04F-01:-78,Info_02F_A01:-89,Info_02F_A03:-84,Info_04F_A05:-85,5,1574980790
110.0,100.0,Eng2_04F-01:-78,Info_02F_A01:-89,Info_02F_A03:-84,Info_04F_A05:-85,5,1574980792
140.0,100.0,Eng2_04F-01:-78,Info_02F_A01:-89,Info_04F_A05:-85,Eng2_03F-04:-78,5,1574980794
140.0,130.0,Eng2_04F-01:-78,Info_02F_A01:-89,Info_04F_A05:-85,Eng2_03F-04:-78,5,1574980796
140.0,170.0,Eng2_04F-01:-78,Info_02F_A01:-89,Info_04F_A05:-85,Eng2_03F-04:-78,5,1574980798
150.0,170.0,Eng2_04F-01:-78,Info_02F_A01:-89,Info_04F_A05:-85,Eng2_03F-04:-78,5,1574980800
170.0,170.0,Eng2_04F-01:-78,Info_02F_A01:-89,Info_04F_A05:-85,Eng2_03F-04:-78,5,1574980802
170.0,150.0,Eng2_04F-01:-78,Info_02F_A01:-89,Info_04F_A05:-85,Eng2_03F-04:-78,5,1574980804
170.0,120.0,Eng2_04F-01:-78,Info_02F_A01:-89,Eng2_03F-04:-82,Eng2_04F-05:-71,5,1574980807
170.0,100.0,Eng2_04F-01:-78,Info_02F_A01:-89,Eng2_03F-04:-82,Eng2_04F-05:-71,5,1574980809
200.0,100.0,Eng2_04F-01:-78,Eng2_03F-04:-67,Eng2_04F-05:-57,Eng2_03F-02:-74,5,1574980811
230.0,100.0,Eng2_04F-01:-78,Eng2_03F-04:-67,Eng2_04F-05:-57,Eng2_03F-02:-74,5,1574980813
260.0,100.0,Eng2_04F-01:-78,Eng2_03F-04:-70,Eng2_04F-05:-62,Eng2_03F-02:-84,5,1574980815
280.0,100.0,Eng2_04F-01:-78,Eng2_03F-04:-70,Eng2_04F-05:-62,Eng2_03F-02:-84,5,1574980817
310.0,100.0,Eng2_04F-01:-78,Eng2_02F_A04:-81,Eng2_03F-04:-65,Eng2_04F-05:-69,5,1574980819
340.0,100.0,Eng2_04F-01:-78,Eng2_02F_A04:-81,Eng2_03F-04:-65,Eng2_04F-05:-69,5,1574980821
370.0,100.0,Eng2_04F-01:-78,Eng2_02F_A04:-73,Eng2_03F-04:-52,Eng2_04F-05:-69,5,1574980823
390.0,100.0,Eng2_04F-01:-78,Eng2_02F_A04:-73,Eng2_03F-04:-52,Eng2_04F-05:-69,5,1574980825
420.0,100.0,Eng2_04F-01:-78,Eng2_02F_A03:-86,Eng2_02F_A04:-75,Eng2_03F-04:-71,5,1574980827
450.0,100.0,Eng2_04F-01:-78,Eng2_02F_A03:-86,Eng2_02F_A04:-82,Eng2_03F-04:-71,5,1574980829
480.0,100.0,Eng2_04F-01:-78,Eng2_02F_A03:-86,Eng2_02F_A04:-82,Eng2_03F-05:-82,5,1574980831
500.0,100.0,Eng2_04F-01:-78,Eng2_02F_A03:-86,Eng2_02F_A04:-82,Eng2_03F-05:-82,5,1574980833
530.0,100.0,Eng2_04F-01:-78,Eng2_02F_A03:-86,Eng2_02F_A04:-82,Eng2_07F-06:-84,5,1574980835
560.0,100.0,Eng2_04F-01:-78,Eng2_02F_A03:-86,Eng2_02F_A04:-82,Eng2_07F-06:-84,5,1574980837
560.0,120.0,Eng2_04F-01:-78,Eng2_02F_A03:-86,Eng2_02F_A04:-82,Eng2_07F-06:-84,5,1574980839
560.0,150.0,Eng2_04F-01:-78,Eng2_02F_A03:-86,Eng2_02F_A04:-82,Eng2_07F-06:-84,5,1574980841
560.0,170.0,Eng2_04F-01:-78,Eng2_02F_A03:-78,Eng2_07F-06:-84,Eng2_03F-05:-74,5,1574980843
560.0,200.0,Eng2_04F-01:-78,Eng2_02F_A03:-78,Eng2_07F-06:-84,Eng2_03F-05:-74,5,1574980845
530.0,200.0,Eng2_04F-01:-78,Eng2_02F_A03:-76,Eng2_06F-06:-84,Eng2_07F-06:-84,5,1574980847
500.0,200.0,Eng2_04F-01:-78,Eng2_02F_A03:-76,Eng2_06F-06:-84,Eng2_07F-06:-84,5,1574980849
480.0,200.0,Eng2_04F-01:-78,Eng2_02F_A03:-76,Eng2_06F-06:-84,Eng2_03F-05:-72,5,1574980851
450.0,200.0,Eng2_04F-01:-78,Eng2_02F_A03:-76,Eng2_06F-06:-84,Eng2_03F-05:-72,5,1574980853
420.0,200.0,Eng2_04F-01:-78,Eng2_02F_A03:-76,Eng2_06F-06:-84,Eng2_03F-05:-74,5,1574980855
390.0,200.0,Eng2_04F-01:-78,Eng2_02F_A03:-76,Eng2_06F-06:-84,Eng2_03F-05:-74,5,1574980857
390.0,170.0,Eng2_04F-01:-78,Eng2_02F_A03:-76,Eng2_06F-06:-84,Eng2_03F-05:-74,5,1574980859
390.0,150.0,Eng2_04F-01:-78,Eng2_02F_A03:-76,Eng2_06F-06:-84,Eng2_03F-05:-74,5,1574980861
390.0,120.0,Eng2_04F-01:-78,Eng2_02F_A04:-78,Eng2_06F-06:-84,Eng2_03F-05:-74,5,1574980863
390.0,100.0,Eng2_04F-01:-78,Eng2_02F_A04:-78,Eng2_03F-05:-74,Eng2_06F-04:-84,5,1574980865
430.0,100.0,Eng2_04F-01:-78,Eng2_02F_A03:-73,Eng2_02F_A04:-79,Eng2_06F-04:-84,5,1574980867
460.0,100.0,Eng2_04F-01:-78,Eng2_02F_A03:-73,Eng2_02F_A04:-79,Eng2_06F-04:-84,5,1574980869
490.0,100.0,Eng2_04F-01:-84,Eng2_02F_A03:-68,Eng2_02F_A04:-79,Eng2_06F-04:-84,5,1574980871
530.0,100.0,Eng2_04F-01:-84,Eng2_02F_A03:-68,Eng2_02F_A04:-79,Eng2_06F-04:-84,5,1574980873
560.0,100.0,Eng2_04F-01:-84,Eng2_02F_A03:-68,Eng2_02F_A04:-79,Eng2_03F-08:-90,5,1574980875
