x,y,AP1:RSSI,AP2:RSSI,AP3:RSSI,AP4:RSSI,Capabilities,epochTime
560,100,Eng2_04F-05:-60,Eng2_02F_A03:-73,108-4F-06:-87,Eng2_03F-05:-59,5,1574980293
530,100,Eng2_04F-05:-60,Eng2_02F_A03:-88,Eng2_03F-05:-80,Eng2_03F-04:-85,5,1574980295
490,100,Eng2_04F-05:-60,Eng2_02F_A03:-88,Eng2_03F-05:-80,Eng2_03F-04:-85,5,1574980297
460,100,Eng2_04F-05:-60,Eng2_02F_A03:-87,Eng2_02F_A04:-79,Eng2_03F-05:-80,5,1574980299
430,100,Eng2_04F-01:-83,Eng2_02F_A03:-87,Eng2_02F_A04:-79,Eng2_03F-05:-80,5,1574980301
390,100,Eng2_04F-01:-83,Eng2_02F_A03:-87,Eng2_02F_A04:-76,Eng2_06F-04:-81,5,1574980303
370,100,Eng2_04F-01:-83,Eng2_02F_A03:-87,Eng2_02F_A04:-76,Eng2_06F-04:-81,5,1574980305
340,100,Eng2_04F-01:-83,Eng2_02F_A03:-87,Eng2_02F_A04:-76,Eng2_06F-04:-81,5,1574980307
310,100,Eng2_04F-01:-83,Eng2_02F_A03:-87,Eng2_02F_A04:-76,Eng2_06F-04:-81,5,1574980309
280,100,Eng2_04F-01:-83,Eng2_02F_A03:-87,Eng2_02F_A04:-76,Eng2_06F-04:-81,5,1574980311
260,100,Eng2_04F-01:-83,Eng2_02F_A03:-87,Eng2_02F_A04:-76,Eng2_06F-04:-81,5,1574980313
230,100,Eng2_04F-01:-83,Eng2_02F_A04:-76,Eng2_06F-04:-81,Eng2_03F-04:-72,5,1574980316
200,100,Eng2_04F-01:-83,Eng2_02F_A04:-76,Eng2_06F-04:-81,Eng2_03F-04:-72,5,1574980318
170,100,Eng2_04F-01:-83,Eng2_02F_A04:-80,Eng2_06F-04:-81,Eng2_03F-04:-81,5,1574980320
170,120,Eng2_04F-01:-83,Eng2_02F_A04:-80,Eng2_06F-04:-81,Eng2_03F-04:-81,5,1574980322
170,150,Eng2_04F-01:-83,Eng2_02F_A04:-80,Eng2_06F-04:-81,Eng2_03F-04:-81,5,1574980324
170,170,Eng2_04F-01:-83,Eng2_02F_A04:-80,Eng2_06F-04:-81,Eng2_03F-04:-81,5,1574980326
170,200,Eng2_04F-01:-83,Eng2_03F-04:-81,Eng2_04F-05:-76,Eng2_03F-02:-63,5,1574980328
200,200,Eng2_04F-01:-83,Eng2_03F-04:-81,Eng2_04F-05:-76,Eng2_03F-02:-63,5,1574980330
230,200,Eng2_04F-01:-82,Eng2_03F-04:-81,Eng2_04F-05:-83,Eng2_03F-02:-63,5,1574980332
260,200,Eng2_04F-01:-82,Eng2_03F-04:-81,Eng2_04F-05:-83,Eng2_03F-02:-63,5,1574980334
280,200,Eng2_04F-01:-82,Eng2_03F-04:-83,Eng2_04F-05:-81,Eng2_05F-05:-84,5,1574980336
310,200,Eng2_04F-01:-82,Eng1_01F_A21:-97,Eng2_03F-05:-81,Eng2_03F-04:-84,5,1574980338
340,200,Eng2_04F-01:-82,Eng1_01F_A22:-91,Eng1_01F_A21:-90,Eng2_03F-05:-81,5,1574980340
370,200,Eng2_04F-01:-82,Eng1_01F_A22:-91,Eng1_01F_A21:-92,Eng2_02F_A04:-92,5,1574980342
390,200,Eng2_04F-01:-82,Eng1_01F_A22:-91,Eng1_01F_A21:-91,Eng2_02F_A04:-92,5,1574980344
420,200,Eng2_04F-01:-82,Eng1_01F_A22:-91,Eng1_01F_A21:-91,Eng2_02F_A04:-92,5,1574980346
450,200,Eng2_04F-01:-82,Eng1_01F_A22:-91,Eng1_01F_A21:-91,Eng2_02F_A04:-92,5,1574980348
480,200,Eng2_04F-01:-82,Eng1_01F_A22:-91,Eng1_01F_A21:-91,Eng2_02F_A04:-92,5,1574980350
500,200,Eng2_04F-01:-82,Eng2_02F_A03:-84,Eng1_01F_A22:-91,Eng1_01F_A21:-91,5,1574980352
530,200,Eng2_04F-01:-82,Eng2_02F_A03:-84,Eng1_01F_A21:-91,Eng2_06F-06:-73,5,1574980354
560,200,Eng2_04F-01:-82,Eng2_02F_A03:-84,Eng1_01F_A21:-91,Eng2_06F-06:-82,5,1574980356
580,200,Eng2_04F-01:-82,Eng2_02F_A03:-84,Eng1_01F_A21:-91,Eng2_06F-06:-82,5,1574980358
610,200,Eng2_04F-01:-82,Eng2_02F_A03:-84,Eng1_01F_A21:-91,Eng2_06F-06:-66,5,1574980360
630,200,Eng2_04F-01:-82,Eng2_02F_A03:-84,Eng1_01F_A21:-91,Eng2_06F-06:-66,5,1574980362
660,200,Eng2_04F-01:-82,Eng2_02F_A03:-84,Eng2_03F-08:-87,Eng2_06F-06:-66,5,1574980364
680,200,Eng2_04F-01:-82,Eng2_02F_A03:-84,Eng2_03F-08:-82,Eng2_06F-06:-76,5,1574980366
710,200,Eng2_04F-01:-82,Eng2_02F_A03:-84,Eng2_03F-08:-82,Eng2_06F-06:-69,5,1574980368
730,200,Eng2_04F-01:-82,Eng2_02F_A03:-84,Eng2_03F-08:-82,Eng2_06F-06:-69,5,1574980370
710,200,Eng2_04F-01:-82,Eng2_02F_A03:-84,Eng2_03F-08:-89,Eng2_06F-06:-75,5,1574980372
680,200,Eng2_04F-01:-82,Eng2_02F_A03:-84,Eng2_03F-08:-89,Eng2_06F-06:-75,5,1574980374
660,200,Eng2_04F-01:-82,Eng2_02F_A03:-84,Eng2_03F-08:-89,Eng2_06F-06:-75,5,1574980376
630,200,Eng2_04F-01:-82,Eng2_02F_A03:-84,Eng2_03F-08:-89,Eng2_06F-06:-72,5,1574980378
610,200,Eng2_04F-01:-82,Eng2_02F_A03:-84,Eng2_03F-08:-89,Eng2_06F-06:-72,5,1574980380
580,200,Eng2_04F-01:-82,Eng2_02F_A03:-87,Eng2_03F-08:-89,Eng2_06F-06:-72,5,1574980382
560,200,Eng2_04F-01:-82,Eng2_02F_A03:-87,Eng2_03F-08:-89,Eng2_06F-06:-78,5,1574980384
560,170,Eng2_04F-01:-82,Eng2_02F_A03:-87,Eng2_03F-08:-89,Eng2_06F-06:-78,5,1574980386
560,150,Eng2_04F-01:-82,Eng2_02F_A03:-71,Eng2_03F-08:-89,Eng2_06F-06:-78,5,1574980388
560,120,Eng2_04F-01:-82,Eng2_02F_A03:-71,Eng2_03F-08:-89,Eng2_06F-06:-78,5,1574980390
560,100,Eng2_04F-01:-82,Eng2_02F_A03:-79,Eng2_03F-05:-66,Eng2_03F-04:-88,5,1574980392
580,100,Eng2_04F-01:-82,Eng2_02F_A03:-83,Eng2_03F-08:-86,Eng2_03F-05:-84,5,1574980394
610,100,Eng2_04F-01:-82,Eng2_02F_A03:-88,Eng2_03F-08:-86,Eng2_03F-05:-84,5,1574980396
630,100,Eng2_04F-01:-82,Eng2_02F_A03:-88,Eng2_03F-08:-86,Eng2_03F-05:-84,5,1574980398
660,100,Eng2_04F-01:-82,Eng2_02F_A03:-88,Eng2_03F-08:-89,Eng2_06F-06:-88,5,1574980400
680,100,Eng2_04F-01:-82,Eng2_02F_A03:-88,Eng2_03F-08:-89,Eng2_06F-06:-88,5,1574980402
710,100,Eng2_04F-01:-82,Eng2_02F_A03:-88,Eng2_03F-08:-77,Eng2_06F-06:-88,5,1574980404
730,100,Eng2_04F-01:-82,Eng2_02F_A03:-88,Eng2_03F-08:-77,Eng2_06F-06:-88,5,1574980406
710,100,Eng2_04F-01:-82,Eng2_02F_A03:-88,Eng2_03F-08:-84,Eng2_06F-06:-88,5,1574980408
690,100,Eng2_04F-01:-82,Eng2_02F_A03:-88,Eng2_03F-08:-84,Eng2_06F-06:-88,5,1574980410
670,100,Eng2_04F-01:-82,Eng2_02F_A03:-88,Eng2_03F-08:-86,Eng2_06F-06:-81,5,1574980412
640,100,Eng2_04F-01:-82,Eng2_02F_A03:-88,Eng2_03F-08:-86,Eng2_06F-06:-81,5,1574980414
620,100,Eng2_04F-01:-82,Eng2_02F_A03:-76,Eng2_03F-08:-90,Eng2_06F-06:-81,5,1574980416
600,100,Eng2_04F-01:-82,Eng2_02F_A03:-76,Eng2_03F-08:-90,Eng2_06F-06:-81,5,1574980418
580,100,Eng2_04F-01:-83,Eng2_02F_A03:-76,Eng2_02F_A04:-84,Eng2_03F-08:-90,5,1574980420
560,100,Eng2_04F-01:-83,Eng2_02F_A03:-76,Eng2_02F_A04:-84,Eng2_03F-08:-90,5,1574980422
530,100,Eng2_04F-01:-83,Eng2_02F_A03:-77,Eng2_02F_A04:-84,Eng2_03F-05:-79,5,1574980424
490,100,Eng2_04F-01:-83,Eng2_02F_A03:-77,Eng2_02F_A04:-84,Eng2_03F-05:-79,5,1574980426
460,100,Eng2_04F-01:-83,Eng2_02F_A03:-77,Eng2_02F_A04:-77,Eng2_03F-05:-85,5,1574980428
430,100,Eng2_04F-01:-83,Eng2_02F_A03:-77,Eng2_02F_A04:-77,Eng2_03F-05:-85,5,1574980430
390,100,Eng2_04F-01:-83,Eng2_02F_A03:-77,Eng2_02F_A04:-77,Eng2_03F-05:-85,5,1574980432
390,120,Eng2_04F-01:-83,Eng2_02F_A03:-77,Eng2_02F_A04:-77,Eng2_03F-05:-85,5,1574980434
390,150,Eng2_04F-01:-83,Eng2_02F_A03:-77,Eng2_02F_A04:-72,Eng2_03F-05:-85,5,1574980436
390,170,Eng2_04F-01:-83,Eng2_02F_A03:-77,Eng2_02F_A04:-72,Eng2_03F-05:-85,5,1574980438
390,200,Eng2_04F-01:-83,Eng2_02F_A03:-77,Eng1_01F_A22:-88,Eng2_02F_A04:-72,5,1574980440
370,200,Eng2_04F-01:-83,Eng2_02F_A03:-77,Eng1_01F_A22:-88,Eng2_02F_A04:-72,5,1574980442
340,200,Eng2_04F-01:-83,Eng1_01F_A22:-88,Eng2_02F_A04:-72,Eng2_03F-05:-83,5,1574980444
320,200,Eng2_04F-01:-83,Eng1_01F_A22:-88,Eng2_02F_A04:-72,Eng2_03F-05:-85,5,1574980446
300,200,Eng2_04F-01:-83,Eng1_01F_A22:-88,Eng1_01F_A21:-88,Eng2_02F_A04:-72,5,1574980448
270,200,Eng2_04F-01:-83,Eng1_01F_A22:-88,Eng1_01F_A21:-88,Eng2_02F_A04:-72,5,1574980450
250,200,Eng2_04F-01:-83,Eng1_01F_A22:-88,Eng1_01F_A21:-88,Eng2_03F-05:-85,5,1574980452
220,200,Eng2_04F-01:-83,Eng1_01F_A22:-88,Eng1_01F_A21:-88,Eng2_03F-05:-85,5,1574980454
200,200,Eng2_04F-01:-83,Eng1_01F_A22:-88,Eng1_01F_A21:-88,Eng2_03F-05:-85,5,1574980456
170,200,Eng2_04F-01:-83,Eng1_01F_A22:-88,Eng1_01F_A21:-88,Eng2_03F-05:-85,5,1574980458
170,170,Eng2_04F-01:-83,Eng1_01F_A21:-88,Eng2_03F-05:-85,Eng2_06F-02:-50,5,1574980460
140,170,Eng2_04F-01:-83,Eng1_01F_A21:-88,Eng2_03F-05:-85,Eng2_06F-02:-50,5,1574980462
140,150,Eng2_04F-01:-83,Eng1_01F_A21:-88,Eng2_03F-05:-85,Eng2_06F-02:-50,5,1574980464
140,120,Eng2_04F-01:-83,Eng1_01F_A21:-88,Eng2_03F-05:-85,Eng2_06F-02:-50,5,1574980466
140,100,Eng2_04F-01:-83,Eng2_03F-05:-85,Eng2_03F-04:-87,Eng2_04F-05:-83,5,1574980468
110,100,Eng2_04F-01:-83,Eng2_03F-05:-85,Eng2_03F-04:-87,Eng2_04F-05:-83,5,1574980471
90,100,Eng2_04F-01:-83,Eng2_03F-05:-85,Eng2_03F-04:-87,Eng2_04F-05:-83,5,1574980473
70,100,Eng2_04F-01:-83,Eng2_03F-05:-85,Eng2_03F-04:-87,Eng2_04F-05:-83,5,1574980475
40,100,Eng2_04F-01:-83,Eng2_03F-05:-85,Eng2_03F-04:-87,Eng2_04F-05:-83,5,1574980477
20,100,Eng2_04F-01:-83,Eng2_03F-05:-85,Eng2_03F-04:-87,Eng2_04F-05:-83,5,1574980479
40,100,Eng2_04F-01:-83,Eng2_03F-04:-87,Eng2_04F-05:-83,Eng2_03F-02:-76,5,1574980481
70,100,Eng2_04F-01:-83,Eng2_03F-04:-87,Eng2_04F-05:-83,Eng2_03F-02:-76,5,1574980483
90,100,Eng2_04F-01:-83,Eng2_03F-04:-87,Eng2_04F-05:-83,Eng2_03F-02:-70,5,1574980485
110,100,Eng2_04F-01:-83,Eng2_03F-04:-87,Eng2_04F-05:-83,Eng2_03F-02:-70,5,1574980487
140,100,Eng2_04F-01:-83,Eng2_03F-04:-77,Eng2_04F-05:-80,Eng2_03F-02:-70,5,1574980489
140,130,Eng2_04F-01:-83,Eng2_03F-04:-77,Eng2_04F-05:-80,Eng2_03F-02:-70,5,1574980491
140,170,Eng2_04F-01:-83,Eng2_03F-04:-77,Eng2_04F-05:-80,Eng2_03F-02:-70,5,1574980493
140,200,Eng2_04F-01:-83,Eng2_03F-04:-77,Eng2_04F-05:-80,Eng2_03F-02:-70,5,1574980495
110,200,Eng2_04F-01:-83,Eng2_03F-04:-77,Eng2_04F-05:-80,Eng2_03F-02:-70,5,1574980497
90,200,Eng2_04F-01:-83,Eng2_03F-04:-77,Eng2_04F-05:-80,Eng2_03F-02:-70,5,1574980499
70,200,Eng2_04F-01:-83,Eng2_03F-04:-77,Eng2_04F-05:-80,Eng2_03F-02:-70,5,1574980501
40,200,Eng2_04F-01:-83,Eng2_03F-04:-77,Eng2_04F-05:-80,Eng2_03F-02:-70,5,1574980503
20,200,Eng2_04F-01:-83,Info_03F_A02:-85,Eng2_03F-04:-77,Eng2_04F-05:-80,5,1574980505
40,200,Eng2_04F-01:-83,Info_03F_A02:-85,Eng2_03F-04:-77,Eng2_04F-05:-80,5,1574980507
70,200,Eng2_04F-01:-83,Info_03F_A02:-85,Eng2_03F-04:-77,Eng2_04F-05:-80,5,1574980509
90,200,Eng2_04F-01:-77,Info_03F_A02:-85,Eng2_03F-04:-77,Eng2_04F-05:-80,5,1574980511
110,200,Eng2_04F-01:-77,Info_03F_A02:-85,Eng2_03F-04:-77,Eng2_04F-05:-80,5,1574980513
140,200,Eng2_04F-01:-77,Info_03F_A02:-85,Eng2_03F-04:-77,Eng2_04F-05:-80,5,1574980515
140,180,Eng2_04F-01:-77,Info_03F_A02:-85,Eng2_03F-04:-77,Eng2_04F-05:-80,5,1574980517
140,170,Eng2_04F-01:-77,Info_03F_A02:-85,Eng2_03F-04:-77,Eng2_04F-05:-80,5,1574980519
170,170,Eng2_04F-01:-77,Info_03F_A02:-85,Eng2_03F-04:-77,Eng2_04F-05:-80,5,1574980521
170,200,Eng2_04F-01:-77,Info_03F_A02:-85,Eng2_03F-04:-77,Eng2_04F-05:-80,5,1574980523
200,200,Eng2_04F-01:-77,Info_03F_A02:-85,Eng2_03F-05:-86,Eng2_03F-04:-86,5,1574980525
220,200,Eng2_04F-01:-77,Info_03F_A02:-85,Eng2_03F-05:-86,Eng2_03F-04:-86,5,1574980527
250,200,Eng2_04F-01:-77,Eng2_03F-05:-80,Eng2_03F-04:-86,Eng2_03F-02:-66,5,1574980529
270,200,Eng2_04F-01:-77,Eng2_03F-05:-80,Eng2_03F-04:-86,Eng2_03F-02:-66,5,1574980531
300,200,Eng2_04F-01:-77,Eng2_03F-05:-86,Eng2_03F-04:-75,Eng2_03F-02:-66,5,1574980533
320,200,Eng2_04F-01:-77,Eng2_03F-05:-76,Eng2_03F-04:-75,Eng2_05F-05:-75,5,1574980535
340,200,Eng2_04F-01:-77,Eng2_03F-05:-81,Eng2_03F-04:-80,Eng2_05F-05:-85,5,1574980537
370,200,Eng2_04F-01:-77,Eng2_03F-05:-81,Eng2_03F-04:-80,Eng2_05F-05:-85,5,1574980539
390,200,Eng2_04F-01:-77,Eng2_02F_A04:-74,Eng2_03F-05:-77,Eng2_03F-04:-63,5,1574980541
390,160,Eng2_04F-01:-77,Eng2_02F_A04:-74,Eng2_03F-05:-77,Eng2_03F-04:-63,5,1574980543
390,130,Eng2_04F-01:-77,Eng2_02F_A04:-74,Eng2_03F-05:-77,Eng2_03F-04:-63,5,1574980545
390,100,Eng2_04F-01:-77,Eng2_02F_A04:-73,Eng2_03F-05:-77,Eng2_03F-04:-61,5,1574980547
420,100,Eng2_04F-01:-77,Eng2_02F_A03:-87,Eng2_02F_A04:-70,Eng2_03F-05:-77,5,1574980549
450,100,Eng2_04F-01:-77,Eng2_02F_A03:-87,Eng2_02F_A04:-70,Eng2_03F-05:-77,5,1574980551
480,100,Eng2_04F-01:-77,Eng2_02F_A03:-84,Eng2_02F_A04:-70,Eng2_03F-05:-77,5,1574980553
500,100,Eng2_04F-01:-77,Eng2_02F_A03:-84,Eng2_02F_A04:-70,Eng2_03F-05:-77,5,1574980555
530,100,Eng2_04F-01:-77,Eng2_02F_A03:-84,Eng2_02F_A04:-70,Eng2_03F-05:-83,5,1574980557
560,100,Eng2_04F-01:-77,Eng2_02F_A03:-10,Eng2_02F_A04:-70,Eng2_03F-08:-87,5,1574980559
560,120,Eng2_04F-01:-77,Eng2_02F_A03:-80,Eng2_03F-08:-87,Eng2_02F_A05:-87,5,1574980561
560,150,Eng2_04F-01:-77,Eng2_02F_A03:-80,Eng2_03F-08:-87,Eng2_02F_A05:-87,5,1574980563
560,170,Eng2_04F-01:-77,Eng2_02F_A03:-80,Eng2_03F-08:-87,Eng2_02F_A05:-87,5,1574980565
560,200,Eng2_04F-01:-77,Eng2_02F_A03:-80,Eng2_03F-08:-87,Eng2_02F_A05:-87,5,1574980567
530,200,Eng2_04F-01:-77,Eng2_02F_A03:-80,Eng2_03F-08:-87,Eng2_02F_A05:-87,5,1574980569
500,200,Eng2_04F-01:-77,Eng2_02F_A03:-80,Eng2_02F_A05:-87,Eng2_06F-06:-82,5,1574980571
480,200,Eng2_04F-01:-77,Eng2_02F_A03:-80,Eng2_02F_A05:-87,Eng2_06F-06:-82,5,1574980573
450,200,Eng2_04F-01:-77,Eng2_02F_A03:-80,Eng2_02F_A05:-87,Eng2_06F-06:-82,5,1574980575
420,200,Eng2_04F-01:-77,Eng2_02F_A03:-80,Eng2_02F_A05:-87,Eng2_06F-06:-82,5,1574980577
390,200,Eng2_04F-01:-77,Eng2_02F_A05:-87,Eng2_06F-06:-82,Eng2_03F-05:-71,5,1574980579
370,200,Eng2_04F-01:-77,Eng2_06F-06:-82,Eng2_03F-05:-78,Eng2_06F-04:-71,5,1574980581
340,200,Eng2_04F-01:-77,Eng2_03F-05:-78,Eng2_06F-04:-71,Eng2_03F-04:-79,5,1574980583
310,200,Eng2_04F-01:-77,Eng2_03F-05:-87,Eng2_06F-04:-71,Eng2_03F-04:-79,5,1574980585
280,200,Eng2_04F-01:-77,Eng2_03F-05:-87,Eng2_06F-04:-71,Eng2_03F-04:-79,5,1574980587
260,200,Eng2_04F-01:-77,Eng2_03F-05:-87,Eng2_06F-04:-71,Eng2_03F-04:-79,5,1574980589
230,200,Eng2_04F-01:-77,Eng2_03F-05:-87,Eng2_06F-04:-71,Eng2_03F-04:-79,5,1574980591
200,200,Eng2_04F-01:-77,Eng2_03F-05:-86,Eng2_03F-02:-70,Eng2_05F-05:-82,5,1574980593
170,200,Eng2_04F-01:-77,Eng2_03F-05:-86,Eng2_03F-02:-70,Eng2_05F-05:-82,5,1574980595
170,170,Eng2_04F-01:-77,Eng2_03F-05:-86,Eng2_03F-02:-74,Eng2_05F-05:-82,5,1574980597
170,150,Eng2_04F-01:-77,Eng2_03F-05:-86,Eng2_03F-02:-74,Eng2_05F-05:-82,5,1574980599
170,120,Eng2_04F-01:-85,Eng2_03F-05:-86,Eng2_03F-02:-72,Eng2_05F-05:-82,5,1574980601
170,100,Eng2_04F-01:-85,Eng2_03F-05:-86,Eng2_03F-02:-72,Eng2_05F-05:-82,5,1574980603
200,100,Eng2_04F-01:-85,Eng2_03F-05:-86,Eng2_03F-04:-72,Eng2_04F-05:-61,5,1574980605
230,100,Eng2_04F-01:-85,Eng2_03F-05:-86,Eng2_03F-04:-72,Eng2_04F-05:-61,5,1574980607
260,100,Eng2_04F-01:-85,Eng2_03F-05:-86,Eng2_03F-04:-71,Eng2_04F-05:-64,5,1574980609
280,100,Eng2_04F-01:-85,Eng2_03F-05:-86,Eng2_03F-04:-71,Eng2_04F-05:-64,5,1574980611
310,100,Eng2_04F-01:-85,Eng2_03F-04:-62,Eng2_04F-05:-71,Eng2_03F-02:-74,5,1574980613
340,100,Eng2_04F-01:-85,Eng2_03F-04:-62,Eng2_04F-05:-71,Eng2_03F-02:-74,5,1574980615
370,100,Eng2_04F-01:-85,Eng2_02F_A04:-82,Eng2_06F-04:-79,Eng2_03F-04:-81,5,1574980617
390,100,Eng2_04F-01:-85,Eng2_02F_A04:-82,Eng2_06F-04:-79,Eng2_03F-04:-81,5,1574980619
390,120,Eng2_04F-01:-85,Eng2_02F_A04:-73,Eng2_06F-04:-79,Eng2_03F-04:-72,5,1574980621
390,150,Eng2_04F-01:-85,Eng2_02F_A04:-73,Eng2_06F-04:-79,Eng2_03F-04:-72,5,1574980623
390,170,Eng2_04F-01:-85,Eng2_02F_A04:-82,Eng2_03F-05:-84,Eng2_06F-04:-79,5,1574980625
390,200,Eng2_04F-01:-85,Eng2_02F_A04:-82,Eng2_03F-05:-84,Eng2_06F-04:-79,5,1574980627
420,200,Eng2_04F-01:-85,Eng2_02F_A04:-82,Eng2_06F-06:-84,Eng2_03F-05:-75,5,1574980629
450,200,Eng2_04F-01:-85,Eng2_02F_A04:-82,Eng2_06F-06:-84,Eng2_03F-05:-75,5,1574980631
480,200,Eng2_04F-01:-85,Eng2_02F_A04:-82,Eng2_06F-06:-84,Eng2_03F-05:-66,5,1574980633
500,200,Eng2_04F-01:-85,Eng2_02F_A04:-82,Eng2_06F-06:-83,Eng2_03F-05:-59,5,1574980635
530,200,Eng2_04F-01:-85,Eng2_02F_A04:-82,Eng2_06F-06:-83,Eng2_03F-05:-68,5,1574980637
560,200,Eng2_04F-01:-85,Eng2_02F_A04:-82,Eng2_06F-06:-83,Eng2_03F-05:-68,5,1574980639
560,170,Eng2_04F-01:-85,Eng2_02F_A03:-75,Eng2_06F-06:-86,Eng2_03F-05:-63,5,1574980642
560,150,Eng2_04F-01:-85,Eng2_02F_A03:-75,Eng2_06F-06:-86,Eng2_03F-05:-63,5,1574980644
560,120,Eng2_04F-01:-85,Eng2_02F_A03:-78,Eng2_06F-06:-86,Eng2_03F-05:-63,5,1574980646
560,100,Eng2_04F-01:-85,Eng2_02F_A03:-81,Eng2_06F-06:-86,Eng2_03F-05:-72,5,1574980648
580,100,Eng2_04F-01:-85,Eng2_02F_A03:-83,Eng2_03F-08:-88,Eng2_06F-06:-86,5,1574980650
610,100,Eng2_04F-01:-85,Eng2_02F_A03:-83,Eng2_03F-08:-88,Eng2_06F-06:-86,5,1574980652
630,100,Eng2_04F-01:-85,Eng2_02F_A03:-81,Eng2_03F-08:-76,Eng2_06F-06:-86,5,1574980654
660,100,Eng2_04F-01:-85,Eng2_02F_A03:-81,Eng2_03F-08:-76,Eng2_07F-06:-85,5,1574980656
680,100,Eng2_04F-01:-85,Eng2_02F_A03:-81,Eng2_03F-08:-74,Eng2_06F-07:-83,5,1574980658
710,100,Eng2_04F-01:-85,Eng2_02F_A03:-81,Eng2_03F-08:-74,Eng2_06F-07:-83,5,1574980660
730,100,Eng2_04F-01:-85,Eng2_02F_A03:-81,Eng2_03F-08:-80,Eng2_06F-07:-72,5,1574980662
710,100,Eng2_04F-01:-85,Eng2_02F_A03:-81,Eng2_03F-08:-80,Eng2_06F-07:-72,5,1574980664
680,100,Eng2_04F-01:-85,Eng2_03F-08:-87,Eng2_06F-07:-72,Eng2_07F-06:-66,5,1574980666
660,100,Eng2_04F-01:-85,Eng2_03F-08:-87,Eng2_06F-07:-72,Eng2_07F-06:-66,5,1574980668
630,100,Eng2_04F-01:-85,Eng2_03F-08:-87,Eng2_06F-07:-72,Eng2_07F-06:-66,5,1574980670
610,100,Eng2_04F-01:-85,Eng2_03F-08:-87,Eng2_06F-07:-72,Eng2_07F-06:-66,5,1574980672
580,100,Eng2_04F-01:-85,Eng2_02F_A03:-81,Eng2_03F-08:-87,Eng2_06F-07:-72,5,1574980674
560,100,Eng2_04F-01:-85,Eng2_02F_A03:-81,Eng2_03F-08:-87,Eng2_06F-07:-72,5,1574980676
560,120,Eng2_04F-01:-85,Eng2_02F_A03:-79,Eng2_03F-05:-61,Eng2_03F-04:-81,5,1574980678
560,150,Eng2_04F-01:-85,Eng2_02F_A03:-79,Eng2_03F-05:-61,Eng2_03F-04:-81,5,1574980680
560,170,Eng2_04F-01:-85,Eng2_02F_A03:-79,Eng2_06F-06:-80,Eng2_03F-05:-65,5,1574980682
560,200,Eng2_04F-01:-85,Eng2_02F_A03:-79,Eng2_06F-06:-80,Eng2_03F-05:-65,5,1574980684
580,200,Eng2_04F-01:-85,Eng2_02F_A03:-79,Eng2_06F-06:-75,Eng2_03F-05:-62,5,1574980686
610,200,Eng2_04F-01:-85,Eng2_02F_A03:-79,Eng2_06F-06:-75,Eng2_03F-05:-62,5,1574980688
630,200,Eng2_04F-01:-85,Eng2_02F_A03:-79,Eng2_03F-08:-84,Eng2_06F-06:-75,5,1574980690
660,200,Eng2_04F-01:-86,Eng2_02F_A03:-79,Eng2_03F-08:-86,Eng2_06F-06:-70,5,1574980692
680,200,Eng2_04F-01:-86,Eng2_02F_A03:-79,Eng2_03F-08:-86,Eng2_06F-06:-75,5,1574980694
710,200,Eng2_04F-01:-86,Eng2_02F_A03:-79,Eng2_03F-08:-86,Eng2_06F-06:-75,5,1574980696
730,200,Eng2_04F-01:-86,Eng2_02F_A03:-79,Eng2_03F-08:-87,Eng2_06F-06:-71,5,1574980698
710,200,Eng2_04F-01:-86,Eng2_02F_A03:-79,Eng2_03F-08:-87,Eng2_06F-06:-71,5,1574980700
680,200,Eng2_04F-01:-86,Eng2_02F_A03:-79,Eng2_03F-08:-88,Eng2_06F-06:-67,5,1574980702
660,200,Eng2_04F-01:-86,Eng2_02F_A03:-79,Eng2_03F-08:-88,Eng2_06F-06:-67,5,1574980704
630,200,Eng2_04F-01:-86,Eng2_03F-08:-88,Eng2_06F-06:-70,Eng2_05F-07:-77,5,1574980706
610,200,Eng2_04F-01:-86,Eng2_03F-08:-88,Eng2_06F-06:-70,Eng2_05F-07:-77,5,1574980708
580,200,Eng2_04F-01:-86,Eng2_03F-08:-88,Eng2_06F-06:-70,Eng2_05F-07:-87,5,1574980710
560,200,Eng2_04F-01:-86,Eng2_03F-08:-88,Eng2_06F-06:-70,Eng2_05F-07:-87,5,1574980712
530,200,Eng2_04F-01:-86,Eng2_06F-06:-70,Eng2_05F-07:-87,Eng2_03F-05:-64,5,1574980714
500,200,Eng2_04F-01:-86,Eng2_06F-06:-87,Eng2_05F-07:-87,Eng2_03F-05:-72,5,1574980716
480,200,Eng2_04F-01:-86,Eng1_01F_A21:-82,Eng2_06F-06:-87,Eng2_05F-07:-87,5,1574980718
450,200,Eng2_04F-01:-86,Eng1_01F_A21:-82,Eng2_06F-06:-87,Eng2_05F-07:-87,5,1574980720
420,200,Eng2_04F-01:-86,Eng1_01F_A21:-82,Eng2_06F-06:-87,Eng2_03F-05:-61,5,1574980722
390,200,Eng2_04F-01:-86,Eng1_01F_A21:-82,Eng2_06F-06:-87,Eng2_03F-05:-61,5,1574980724
370,200,Eng2_04F-01:-86,Eng1_01F_A21:-89,Eng2_06F-06:-87,Eng2_03F-05:-82,5,1574980726
340,200,Eng2_04F-01:-86,Eng1_01F_A21:-89,Eng2_03F-05:-82,Eng2_06F-04:-78,5,1574980728
310,200,Eng2_04F-01:-86,Eng2_03F-05:-82,Eng2_06F-04:-77,Eng2_03F-04:-86,5,1574980730
280,200,Eng2_04F-01:-86,Eng2_03F-05:-82,Eng2_06F-04:-77,Eng2_03F-04:-86,5,1574980732
260,200,Eng2_04F-01:-86,Eng2_03F-05:-81,Eng2_06F-04:-77,Eng2_03F-04:-86,5,1574980734
230,200,Eng2_04F-01:-86,Eng2_03F-05:-81,Eng2_06F-04:-77,Eng2_03F-04:-86,5,1574980736
200,200,Eng2_04F-01:-86,Eng2_03F-05:-82,Eng2_04F-05:-86,Eng2_03F-02:-81,5,1574980738
170,200,Eng2_04F-01:-86,Eng2_03F-05:-81,Eng2_04F-05:-78,Eng2_03F-02:-81,5,1574980740
170,170,Eng2_04F-01:-86,Eng2_03F-05:-81,Eng2_04F-05:-78,Eng2_03F-02:-80,5,1574980742
150,170,Eng2_04F-01:-86,Eng2_03F-05:-81,Eng2_04F-05:-78,Eng2_03F-02:-80,5,1574980744
140,170,Eng2_04F-01:-86,Info_02F_A01:-89,Info_02F_A03:-84,Info_03F_A07:-90,5,1574980746
140,200,Eng2_04F-01:-86,Info_02F_A01:-89,Info_02F_A03:-84,Info_03F_A07:-90,5,1574980748
110,200,Eng2_04F-01:-86,Info_02F_A01:-89,Info_02F_A03:-84,Info_04F_A05:-85,5,1574980750
90,200,Eng2_04F-01:-86,Info_02F_A01:-89,Info_02F_A03:-84,Info_04F_A05:-85,5,1574980752
70,200,Eng2_04F-01:-86,Info_02F_A01:-89,Info_02F_A03:-84,Info_04F_A05:-85,5,1574980754
40,200,Eng2_04F-01:-86,Info_02F_A01:-89,Info_02F_A03:-84,Info_04F_A05:-85,5,1574980756
20,200,Eng2_04F-01:-86,Info_02F_A01:-89,Info_02F_A03:-84,Info_04F_A05:-85,5,1574980758
40,200,Eng2_04F-01:-86,Info_02F_A01:-89,Info_02F_A03:-84,Info_04F_A05:-85,5,1574980760
70,200,Eng2_04F-01:-86,Info_02F_A01:-89,Info_02F_A03:-84,Info_04F_A05:-85,5,1574980762
90,200,Eng2_04F-01:-86,Info_02F_A01:-89,Info_02F_A03:-84,Info_04F_A05:-85,5,1574980764
110,200,Eng2_04F-01:-86,Info_02F_A01:-89,Info_02F_A03:-84,Info_04F_A05:-85,5,1574980766
140,200,Eng2_04F-01:-86,Info_02F_A01:-89,Info_02F_A03:-84,Info_04F_A05:-85,5,1574980768
140,160,Eng2_04F-01:-86,Info_02F_A01:-89,Info_02F_A03:-84,Info_04F_A05:-85,5,1574980770
140,130,Eng2_04F-01:-86,Info_02F_A01:-89,Info_02F_A03:-84,Info_04F_A05:-85,5,1574980772
140,100,Eng2_04F-01:-86,Info_02F_A01:-89,Info_02F_A03:-84,Info_04F_A05:-85,5,1574980774
110,100,Eng2_04F-01:-86,Info_02F_A01:-89,Info_02F_A03:-84,Info_04F_A05:-85,5,1574980776
90,100,Eng2_04F-01:-86,Info_02F_A01:-89,Info_02F_A03:-84,Info_04F_A05:-85,5,1574980778
70,100,Eng2_04F-01:-78,Info_02F_A01:-89,Info_02F_A03:-84,Info_04F_A05:-85,5,1574980780
40,100,Eng2_04F-01:-78,Info_02F_A01:-89,Info_02F_A03:-84,Info_04F_A05:-85,5,1574980782
20,100,Eng2_04F-01:-78,Info_02F_A01:-89,Info_02F_A03:-84,Info_04F_A05:-85,5,1574980784
40,100,Eng2_04F-01:-78,Info_02F_A01:-89,Info_02F_A03:-84,Info_04F_A05:-85,5,1574980786
70,100,Eng2_04F-01:-78,Info_02F_A01:-89,Info_02F_A03:-84,Info_04F_A05:-85,5,1574980788
90,100,Eng2_04F-01:-78,Info_02F_A01:-89,Info_02F_A03:-84,Info_04F_A05:-85,5,1574980790
110,100,Eng2_04F-01:-78,Info_02F_A01:-89,Info_02F_A03:-84,Info_04F_A05:-85,5,1574980792
140,100,Eng2_04F-01:-78,Info_02F_A01:-89,Info_04F_A05:-85,Eng2_03F-04:-78,5,1574980794
140,130,Eng2_04F-01:-78,Info_02F_A01:-89,Info_04F_A05:-85,Eng2_03F-04:-78,5,1574980796
140,170,Eng2_04F-01:-78,Info_02F_A01:-89,Info_04F_A05:-85,Eng2_03F-04:-78,5,1574980798
150,170,Eng2_04F-01:-78,Info_02F_A01:-89,Info_04F_A05:-85,Eng2_03F-04:-78,5,1574980800
170,170,Eng2_04F-01:-78,Info_02F_A01:-89,Info_04F_A05:-85,Eng2_03F-04:-78,5,1574980802
170,150,Eng2_04F-01:-78,Info_02F_A01:-89,Info_04F_A05:-85,Eng2_03F-04:-78,5,1574980804
170,120,Eng2_04F-01:-78,Info_02F_A01:-89,Eng2_03F-04:-82,Eng2_04F-05:-71,5,1574980807
170,100,Eng2_04F-01:-78,Info_02F_A01:-89,Eng2_03F-04:-82,Eng2_04F-05:-71,5,1574980809
200,100,Eng2_04F-01:-78,Eng2_03F-04:-67,Eng2_04F-05:-57,Eng2_03F-02:-74,5,1574980811
230,100,Eng2_04F-01:-78,Eng2_03F-04:-67,Eng2_04F-05:-57,Eng2_03F-02:-74,5,1574980813
260,100,Eng2_04F-01:-78,Eng2_03F-04:-70,Eng2_04F-05:-62,Eng2_03F-02:-84,5,1574980815
280,100,Eng2_04F-01:-78,Eng2_03F-04:-70,Eng2_04F-05:-62,Eng2_03F-02:-84,5,1574980817
310,100,Eng2_04F-01:-78,Eng2_02F_A04:-81,Eng2_03F-04:-65,Eng2_04F-05:-69,5,1574980819
340,100,Eng2_04F-01:-78,Eng2_02F_A04:-81,Eng2_03F-04:-65,Eng2_04F-05:-69,5,1574980821
370,100,Eng2_04F-01:-78,Eng2_02F_A04:-73,Eng2_03F-04:-52,Eng2_04F-05:-69,5,1574980823
390,100,Eng2_04F-01:-78,Eng2_02F_A04:-73,Eng2_03F-04:-52,Eng2_04F-05:-69,5,1574980825
420,100,Eng2_04F-01:-78,Eng2_02F_A03:-86,Eng2_02F_A04:-75,Eng2_03F-04:-71,5,1574980827
450,100,Eng2_04F-01:-78,Eng2_02F_A03:-86,Eng2_02F_A04:-82,Eng2_03F-04:-71,5,1574980829
480,100,Eng2_04F-01:-78,Eng2_02F_A03:-86,Eng2_02F_A04:-82,Eng2_03F-05:-82,5,1574980831
500,100,Eng2_04F-01:-78,Eng2_02F_A03:-86,Eng2_02F_A04:-82,Eng2_03F-05:-82,5,1574980833
530,100,Eng2_04F-01:-78,Eng2_02F_A03:-86,Eng2_02F_A04:-82,Eng2_07F-06:-84,5,1574980835
560,100,Eng2_04F-01:-78,Eng2_02F_A03:-86,Eng2_02F_A04:-82,Eng2_07F-06:-84,5,1574980837
560,120,Eng2_04F-01:-78,Eng2_02F_A03:-86,Eng2_02F_A04:-82,Eng2_07F-06:-84,5,1574980839
560,150,Eng2_04F-01:-78,Eng2_02F_A03:-86,Eng2_02F_A04:-82,Eng2_07F-06:-84,5,1574980841
560,170,Eng2_04F-01:-78,Eng2_02F_A03:-78,Eng2_07F-06:-84,Eng2_03F-05:-74,5,1574980843
560,200,Eng2_04F-01:-78,Eng2_02F_A03:-78,Eng2_07F-06:-84,Eng2_03F-05:-74,5,1574980845
530,200,Eng2_04F-01:-78,Eng2_02F_A03:-76,Eng2_06F-06:-84,Eng2_07F-06:-84,5,1574980847
500,200,Eng2_04F-01:-78,Eng2_02F_A03:-76,Eng2_06F-06:-84,Eng2_07F-06:-84,5,1574980849
480,200,Eng2_04F-01:-78,Eng2_02F_A03:-76,Eng2_06F-06:-84,Eng2_03F-05:-72,5,1574980851
450,200,Eng2_04F-01:-78,Eng2_02F_A03:-76,Eng2_06F-06:-84,Eng2_03F-05:-72,5,1574980853
420,200,Eng2_04F-01:-78,Eng2_02F_A03:-76,Eng2_06F-06:-84,Eng2_03F-05:-74,5,1574980855
390,200,Eng2_04F-01:-78,Eng2_02F_A03:-76,Eng2_06F-06:-84,Eng2_03F-05:-74,5,1574980857
390,170,Eng2_04F-01:-78,Eng2_02F_A03:-76,Eng2_06F-06:-84,Eng2_03F-05:-74,5,1574980859
390,150,Eng2_04F-01:-78,Eng2_02F_A03:-76,Eng2_06F-06:-84,Eng2_03F-05:-74,5,1574980861
390,120,Eng2_04F-01:-78,Eng2_02F_A04:-78,Eng2_06F-06:-84,Eng2_03F-05:-74,5,1574980863
390,100,Eng2_04F-01:-78,Eng2_02F_A04:-78,Eng2_03F-05:-74,Eng2_06F-04:-84,5,1574980865
430,100,Eng2_04F-01:-78,Eng2_02F_A03:-73,Eng2_02F_A04:-79,Eng2_06F-04:-84,5,1574980867
460,100,Eng2_04F-01:-78,Eng2_02F_A03:-73,Eng2_02F_A04:-79,Eng2_06F-04:-84,5,1574980869
490,100,Eng2_04F-01:-84,Eng2_02F_A03:-68,Eng2_02F_A04:-79,Eng2_06F-04:-84,5,1574980871
530,100,Eng2_04F-01:-84,Eng2_02F_A03:-68,Eng2_02F_A04:-79,Eng2_06F-04:-84,5,1574980873
560,100,Eng2_04F-01:-84,Eng2_02F_A03:-68,Eng2_02F_A04:-79,Eng2_03F-08:-90,5,1574980875
390.0,100.0,Eng2_05F-04:-71,Eng2_02F_A03:-85,Eng2_02F_A04:-73,Eng2_01F_A01:-77,2.4,1575156018
420.0,100.0,Eng2_05F-04:-71,Eng2_02F_A04:-78,Eng2_01F_A01:-77,Eng2_06F-04:-65,2.4,1575156020
450.0,100.0,Eng2_05F-04:-71,Eng2_02F_A03:-83,Eng2_02F_A04:-78,Eng2_03F-05:-82,2.4,1575156022
480.0,100.0,Eng2_05F-04:-71,Eng2_02F_A03:-78,Eng2_02F_A04:-78,Eng2_03F-05:-78,2.4,1575156024
500.0,100.0,Eng2_05F-04:-71,Eng2_02F_A03:-78,Eng2_02F_A04:-78,Eng2_03F-05:-78,2.4,1575156026
530.0,100.0,Eng2_05F-04:-71,Eng2_02F_A03:-75,Eng2_02F_A04:-78,Eng2_03F-05:-60,2.4,1575156028
560.0,100.0,Eng2_05F-04:-62,Eng2_02F_A03:-75,Eng2_02F_A04:-78,Eng2_03F-05:-60,2.4,1575156030
580.0,100.0,Eng2_05F-04:-62,Eng2_02F_A03:-81,Eng2_02F_A04:-78,Eng2_03F-08:-88,2.4,1575156032
600.0,100.0,Eng2_05F-04:-62,Eng2_02F_A03:-81,Eng2_02F_A04:-78,Eng2_03F-08:-88,2.4,1575156034
620.0,100.0,Eng2_05F-04:-62,Eng2_02F_A03:-81,Eng2_02F_A04:-78,Eng2_03F-08:-82,2.4,1575156036
640.0,100.0,Eng2_05F-04:-62,Eng2_02F_A03:-81,Eng2_03F-08:-82,Eng2_03F-05:-84,2.4,1575156038
670.0,100.0,Eng2_05F-04:-62,Eng2_02F_A03:-81,Eng2_03F-08:-80,Eng2_03F-05:-84,2.4,1575156040
690.0,100.0,Eng2_05F-04:-62,Eng2_02F_A03:-81,Eng2_03F-08:-80,Eng2_03F-05:-84,2.4,1575156042
710.0,100.0,Eng2_05F-04:-62,Eng2_02F_A03:-81,Eng2_03F-08:-83,Eng2_06F-07:-77,2.4,1575156044
730.0,100.0,Eng2_05F-04:-62,Eng2_02F_A03:-81,Eng2_03F-08:-83,Eng2_06F-07:-77,2.4,1575156046
710.0,100.0,Eng2_05F-04:-62,Eng2_02F_A03:-84,Eng2_03F-08:-81,Eng2_06F-06:-87,2.4,1575156048
680.0,100.0,Eng2_05F-04:-62,Eng2_02F_A03:-84,Eng2_03F-08:-81,Eng2_06F-06:-87,2.4,1575156050
660.0,100.0,Eng2_05F-04:-62,Eng2_02F_A03:-79,Eng2_03F-08:-89,Eng2_06F-06:-87,2.4,1575156052
630.0,100.0,Eng2_05F-04:-62,Eng2_02F_A03:-75,Eng2_03F-08:-89,Eng2_06F-06:-87,2.4,1575156054
610.0,100.0,Eng2_05F-04:-62,Eng2_02F_A03:-74,Eng2_03F-08:-87,Eng2_06F-06:-87,2.4,1575156056
580.0,100.0,Eng2_05F-04:-62,Eng2_02F_A03:-74,Eng2_03F-08:-87,Eng2_06F-06:-87,2.4,1575156058
560.0,100.0,Eng2_05F-04:-62,Eng2_02F_A03:-74,Eng2_03F-08:-87,Eng2_02F_A05:-89,2.4,1575156060
560.0,130.0,Eng2_05F-04:-62,Eng2_02F_A03:-74,Eng2_03F-08:-87,Eng2_02F_A05:-89,2.4,1575156062
560.0,160.0,Eng2_05F-04:-62,Eng2_02F_A03:-76,Eng2_03F-08:-87,Eng2_02F_A05:-89,2.4,1575156064
560.0,200.0,Eng2_05F-04:-62,Eng2_02F_A03:-76,Eng2_03F-08:-87,Eng2_02F_A05:-89,2.4,1575156066
580.0,200.0,Eng2_05F-04:-62,Eng2_02F_A03:-81,Eng2_02F_A05:-89,Eng2_06F-06:-75,2.4,1575156068
600.0,200.0,Eng2_05F-04:-62,Eng2_02F_A03:-81,Eng2_02F_A05:-89,Eng2_06F-06:-75,2.4,1575156070
620.0,200.0,Eng2_05F-04:-62,Eng2_02F_A03:-81,Eng2_03F-08:-86,Eng2_02F_A05:-89,2.4,1575156072
640.0,200.0,Eng2_05F-04:-62,Eng2_02F_A03:-81,Eng2_03F-08:-86,Eng2_02F_A05:-89,2.4,1575156074
670.0,200.0,Eng2_05F-04:-62,Eng2_02F_A03:-81,Eng2_03F-08:-85,Eng2_02F_A05:-89,2.4,1575156076
690.0,200.0,Eng2_05F-04:-62,Eng2_02F_A03:-81,Eng2_03F-08:-85,Eng2_02F_A05:-89,2.4,1575156078
710.0,200.0,Eng2_05F-04:-62,Eng2_02F_A03:-81,Eng2_03F-08:-85,Eng2_02F_A05:-89,2.4,1575156080
730.0,200.0,Eng2_05F-04:-62,Eng2_02F_A03:-81,Eng2_03F-08:-86,Eng2_02F_A05:-89,2.4,1575156082
710.0,200.0,Eng2_04F-06:-50,Eng2_02F_A03:-81,Eng2_03F-08:-86,Eng2_02F_A05:-89,5.0,1575156084
690.0,200.0,Eng2_04F-06:-50,Eng2_02F_A03:-81,Eng2_03F-08:-87,Eng2_02F_A05:-89,5.0,1575156086
670.0,200.0,Eng2_04F-06:-50,Eng2_02F_A03:-81,Eng2_03F-08:-87,Eng2_02F_A05:-89,5.0,1575156088
640.0,200.0,Eng2_04F-06:-50,Eng2_02F_A03:-81,Eng2_03F-08:-87,Eng2_06F-06:-70,5.0,1575156090
620.0,200.0,Eng2_04F-06:-50,Eng2_02F_A03:-81,Eng2_03F-08:-87,Eng2_06F-06:-70,5.0,1575156092
600.0,200.0,Eng2_04F-06:-50,Eng2_03F-08:-87,Eng2_06F-06:-70,Eng2_05F-07:-78,5.0,1575156094
580.0,200.0,Eng2_04F-06:-50,Eng2_03F-08:-87,Eng2_06F-06:-70,Eng2_05F-07:-78,5.0,1575156096
560.0,200.0,Eng2_04F-06:-50,Eng2_02F_A03:-80,Eng2_03F-08:-87,Eng2_06F-06:-70,5.0,1575156098
560.0,160.0,Eng2_04F-06:-50,Eng2_02F_A03:-74,Eng2_06F-06:-70,Eng2_05F-07:-78,5.0,1575156100
560.0,130.0,Eng2_04F-06:-50,Eng2_02F_A03:-74,Eng2_02F_A04:-86,Eng2_05F-07:-78,5.0,1575156102
560.0,100.0,Eng2_04F-06:-50,Eng2_02F_A03:-81,Eng2_02F_A04:-86,Eng2_03F-05:-68,5.0,1575156104
530.0,100.0,Eng2_04F-06:-50,Eng2_02F_A03:-81,Eng2_02F_A04:-86,Eng2_03F-05:-75,5.0,1575156106
500.0,100.0,Eng2_04F-06:-50,Eng2_02F_A03:-81,Eng2_02F_A04:-86,Eng2_03F-05:-75,5.0,1575156108
480.0,100.0,Eng2_04F-06:-50,Eng2_02F_A03:-83,Eng2_02F_A04:-78,Eng2_03F-05:-75,5.0,1575156110
450.0,100.0,Eng2_04F-06:-50,Eng2_02F_A03:-83,Eng2_02F_A04:-78,Eng2_03F-05:-75,5.0,1575156112
420.0,100.0,Eng2_04F-06:-50,Eng2_02F_A03:-83,Eng2_02F_A04:-74,Eng2_03F-05:-75,5.0,1575156114
390.0,100.0,Eng2_04F-06:-50,Eng2_02F_A03:-83,Eng2_02F_A04:-76,Eng2_03F-05:-75,5.0,1575156116
370.0,100.0,Eng2_04F-06:-61,Eng2_02F_A03:-83,Eng2_02F_A04:-80,Eng2_03F-05:-75,5.0,1575156118
340.0,100.0,Eng2_04F-06:-61,Eng2_02F_A03:-83,Eng2_02F_A04:-80,Eng2_03F-04:-70,5.0,1575156120
310.0,100.0,Eng2_04F-06:-61,Eng2_02F_A03:-83,Eng2_02F_A04:-80,Eng2_03F-04:-70,5.0,1575156122
280.0,100.0,Eng2_04F-06:-61,Eng2_02F_A03:-83,Eng2_02F_A04:-80,Eng2_03F-04:-70,5.0,1575156124
260.0,100.0,Eng2_04F-06:-61,Eng2_02F_A03:-83,Eng2_02F_A04:-80,Eng2_03F-04:-79,5.0,1575156126
230.0,100.0,Eng2_04F-06:-61,Eng2_02F_A03:-83,Eng2_02F_A04:-80,Eng2_03F-04:-74,5.0,1575156128
200.0,100.0,Eng2_04F-06:-61,Eng2_03F-04:-80,Eng2_04F-05:-66,Eng2_03F-02:-69,5.0,1575156130
170.0,100.0,Eng2_04F-06:-61,Eng2_03F-04:-80,Eng2_04F-05:-66,Eng2_03F-02:-69,5.0,1575156132
170.0,120.0,Eng2_04F-06:-61,Eng2_03F-04:-80,Eng2_04F-05:-66,Eng2_03F-02:-69,5.0,1575156134
170.0,150.0,Eng2_04F-06:-61,Eng2_03F-04:-80,Eng2_04F-05:-66,Eng2_03F-02:-69,5.0,1575156136
170.0,170.0,Eng2_04F-06:-61,Eng2_03F-04:-80,Eng2_04F-05:-66,Eng2_03F-02:-69,5.0,1575156138
170.0,180.0,Eng2_04F-06:-61,Eng2_03F-04:-80,Eng2_04F-05:-66,Eng2_03F-02:-69,5.0,1575156140
170.0,200.0,Eng2_04F-06:-61,Eng2_03F-04:-85,Eng2_04F-05:-66,Eng2_06F-02:-77,5.0,1575156142
200.0,200.0,Eng2_04F-06:-61,Eng2_03F-04:-85,Eng2_04F-05:-66,Eng2_06F-02:-77,5.0,1575156144
230.0,200.0,Eng2_04F-06:-61,Eng2_03F-05:-83,Eng2_03F-04:-85,Eng2_06F-02:-77,5.0,1575156146
260.0,200.0,Eng2_04F-06:-61,Eng2_03F-05:-83,Eng2_03F-04:-85,Eng2_06F-02:-77,5.0,1575156148
280.0,200.0,Eng2_04F-06:-61,Eng2_03F-05:-83,Eng2_06F-04:-77,Eng2_03F-04:-85,5.0,1575156150
310.0,200.0,Eng2_04F-06:-61,Eng2_03F-05:-83,Eng2_06F-04:-77,Eng2_03F-04:-85,5.0,1575156152
340.0,200.0,Eng2_04F-06:-61,Eng1_01F_A21:-87,Eng2_03F-05:-77,Eng2_06F-04:-77,5.0,1575156155
370.0,200.0,Eng2_04F-06:-61,Eng1_01F_A21:-87,Eng2_03F-05:-77,Eng2_06F-04:-77,5.0,1575156157
390.0,200.0,Eng2_04F-06:-61,Eng1_01F_A21:-87,Eng2_03F-05:-82,Eng2_06F-04:-77,5.0,1575156159
390.0,200.0,Eng2_04F-06:-61,Eng1_01F_A21:-87,Eng2_03F-05:-82,Eng2_06F-04:-77,5.0,1575156161
370.0,200.0,Eng2_04F-06:-61,Eng1_01F_A21:-87,Eng2_03F-05:-82,Eng2_06F-04:-77,5.0,1575156163
340.0,200.0,Eng2_04F-06:-61,Eng1_01F_A21:-87,Eng2_03F-05:-82,Eng2_06F-04:-77,5.0,1575156165
310.0,200.0,Eng2_04F-06:-61,Eng1_01F_A21:-87,Eng2_03F-05:-82,Eng2_06F-04:-77,5.0,1575156167
280.0,200.0,Eng2_04F-06:-61,Eng1_01F_A21:-87,Eng2_03F-05:-82,Eng2_06F-04:-77,5.0,1575156169
260.0,200.0,Eng2_04F-06:-61,Eng1_01F_A21:-87,Eng1_09F-02:-77,Eng2_03F-05:-88,5.0,1575156171
230.0,200.0,Eng2_04F-06:-61,Eng1_01F_A21:-87,Eng1_09F-02:-77,Eng2_03F-05:-88,5.0,1575156173
200.0,200.0,Eng2_04F-06:-61,Eng1_09F-02:-77,Eng2_03F-05:-78,Eng2_04F-05:-81,5.0,1575156175
170.0,200.0,Eng2_04F-06:-61,Eng1_09F-02:-77,Eng2_03F-05:-78,Eng2_04F-05:-81,5.0,1575156177
170.0,170.0,Eng2_04F-06:-61,Eng1_09F-02:-77,Eng2_03F-05:-78,Eng2_04F-05:-81,5.0,1575156179
150.0,170.0,Eng2_04F-06:-61,Eng1_09F-02:-77,Eng2_03F-05:-78,Eng2_04F-05:-81,5.0,1575156181
140.0,170.0,Eng2_04F-06:-61,Eng2_03F-05:-78,Eng2_04F-05:-72,108-5F-05:-86,5.0,1575156183
140.0,150.0,Eng2_04F-06:-61,Eng2_03F-05:-78,Eng2_04F-05:-72,108-5F-05:-86,5.0,1575156185
140.0,120.0,Eng2_04F-06:-61,Eng2_03F-05:-78,Eng2_04F-05:-72,108-5F-05:-86,5.0,1575156187
140.0,100.0,Eng2_04F-06:-61,Eng2_03F-05:-78,Eng2_04F-05:-72,108-5F-05:-86,5.0,1575156189
110.0,100.0,Eng2_04F-06:-61,Eng2_03F-05:-78,Eng2_04F-05:-74,108-5F-05:-86,5.0,1575156191
90.0,100.0,Eng2_04F-06:-61,Eng2_03F-05:-78,Eng2_04F-05:-74,108-5F-05:-86,5.0,1575156193
70.0,100.0,Eng2_04F-06:-61,Eng2_03F-05:-78,Eng2_04F-05:-74,108-5F-05:-86,5.0,1575156195
40.0,100.0,Eng2_04F-06:-61,Eng2_03F-05:-78,Eng2_04F-05:-74,108-5F-05:-86,5.0,1575156197
20.0,100.0,Eng2_04F-06:-61,Eng2_03F-05:-78,Eng2_04F-05:-75,108-5F-05:-86,5.0,1575156199
40.0,100.0,Eng2_04F-06:-61,Eng2_03F-05:-78,Eng2_04F-05:-73,108-5F-05:-86,5.0,1575156201
70.0,100.0,Eng2_04F-06:-61,Eng2_03F-04:-87,Eng2_04F-05:-73,108-5F-05:-84,5.0,1575156203
90.0,100.0,Eng2_04F-06:-61,Eng2_03F-04:-87,Eng2_04F-05:-73,108-5F-05:-84,5.0,1575156205
110.0,100.0,Eng2_04F-06:-61,Eng2_03F-04:-87,Eng2_04F-05:-55,108-5F-05:-84,5.0,1575156207
140.0,100.0,Eng2_04F-06:-78,Eng2_03F-04:-87,Eng2_04F-05:-55,108-5F-05:-84,5.0,1575156209
140.0,120.0,Eng2_04F-06:-78,Eng2_03F-04:-87,Eng2_04F-05:-55,108-5F-05:-84,5.0,1575156211
140.0,150.0,Eng2_04F-06:-78,Eng2_03F-04:-87,Eng2_04F-05:-55,108-5F-05:-84,5.0,1575156213
140.0,170.0,Eng2_04F-06:-78,Eng2_03F-04:-87,Eng2_04F-05:-55,108-5F-05:-84,5.0,1575156215
140.0,200.0,Eng2_04F-06:-78,Eng2_03F-04:-87,Eng2_04F-05:-55,108-5F-05:-84,5.0,1575156217
110.0,200.0,Eng2_04F-06:-78,Eng2_03F-04:-87,Eng2_04F-05:-55,108-5F-05:-84,5.0,1575156219
80.0,200.0,Eng2_04F-06:-78,Eng2_03F-04:-87,Eng2_04F-05:-55,108-5F-05:-84,5.0,1575156221
50.0,200.0,Eng2_04F-06:-78,Eng2_03F-04:-87,Eng2_04F-05:-55,108-5F-05:-84,5.0,1575156223
20.0,200.0,Eng2_04F-06:-78,Eng2_03F-04:-87,Eng2_04F-05:-55,108-5F-05:-84,5.0,1575156225
40.0,200.0,Eng2_04F-06:-78,Eng2_03F-04:-87,Eng2_04F-05:-55,108-5F-05:-84,5.0,1575156227
70.0,200.0,Eng2_04F-06:-78,Eng2_03F-04:-87,Eng2_04F-05:-55,108-5F-05:-84,5.0,1575156229
90.0,200.0,Eng2_04F-06:-78,Eng2_03F-04:-87,Eng2_04F-05:-55,108-5F-05:-84,5.0,1575156231
110.0,200.0,Eng2_04F-06:-78,Eng2_03F-04:-87,Eng2_04F-05:-55,108-5F-05:-84,5.0,1575156233
140.0,200.0,Eng2_04F-06:-78,Eng2_03F-04:-87,Eng2_04F-05:-55,108-5F-05:-84,5.0,1575156235
140.0,180.0,Eng2_04F-06:-78,Test-Out-01:-87,Eng2_04F-05:-55,Nature_06F-01:-87,5.0,1575156237
140.0,170.0,Eng2_04F-06:-78,Test-Out-01:-87,Eng2_03F-04:-83,Eng2_04F-05:-73,5.0,1575156239
170.0,170.0,Eng2_04F-06:-78,Test-Out-01:-87,Eng2_03F-04:-83,Eng2_04F-05:-73,5.0,1575156241
170.0,150.0,Eng2_04F-06:-78,Test-Out-01:-87,Eng2_03F-04:-83,Eng2_04F-05:-78,5.0,1575156243
170.0,120.0,Eng2_04F-06:-78,Test-Out-01:-87,Eng2_03F-04:-83,Eng2_04F-05:-78,5.0,1575156245
170.0,100.0,Eng2_04F-06:-78,Test-Out-01:-87,Eng2_03F-04:-83,Eng2_04F-05:-63,5.0,1575156247
200.0,100.0,Eng2_04F-06:-78,Test-Out-01:-87,Eng2_03F-04:-83,Eng2_04F-05:-63,5.0,1575156249
230.0,100.0,Eng2_04F-06:-78,Eng2_03F-04:-73,Eng2_04F-05:-63,Eng2_03F-02:-76,5.0,1575156251
260.0,100.0,Eng2_04F-06:-78,Eng2_03F-04:-73,Eng2_04F-05:-63,Eng2_03F-02:-76,5.0,1575156253
280.0,100.0,Eng2_04F-06:-78,Eng2_02F_A04:-86,Eng2_03F-04:-71,Eng2_04F-05:-65,5.0,1575156255
310.0,100.0,Eng2_04F-06:-78,Eng2_02F_A04:-86,Eng2_03F-04:-71,Eng2_04F-05:-65,5.0,1575156257
340.0,100.0,Eng2_04F-06:-78,Eng2_02F_A04:-74,Eng2_03F-04:-56,Eng2_04F-05:-50,5.0,1575156259
370.0,100.0,Eng2_04F-06:-78,Eng2_02F_A04:-73,Eng2_06F-04:-86,Eng2_03F-04:-62,5.0,1575156261
390.0,100.0,Eng2_04F-06:-78,Eng2_02F_A04:-78,Eng2_06F-04:-79,Eng2_03F-04:-64,5.0,1575156263
390.0,130.0,Eng2_04F-06:-78,Eng2_02F_A04:-78,Eng2_06F-04:-79,Eng2_03F-04:-64,5.0,1575156265
390.0,160.0,Eng2_04F-06:-78,Eng2_02F_A04:-80,Eng2_06F-04:-82,Eng2_03F-04:-73,5.0,1575156267
390.0,200.0,Eng2_04F-06:-78,Eng2_02F_A04:-80,Eng2_06F-04:-82,Eng2_03F-04:-73,5.0,1575156269
370.0,200.0,Eng2_04F-06:-78,Eng2_02F_A04:-80,Eng2_06F-04:-82,Eng2_03F-04:-81,5.0,1575156271
340.0,200.0,Eng2_04F-06:-78,Eng2_02F_A04:-80,Eng2_06F-04:-82,Eng2_03F-04:-81,5.0,1575156273
320.0,200.0,Eng2_04F-06:-78,Eng2_02F_A04:-80,Eng2_03F-05:-87,Eng2_06F-04:-82,5.0,1575156275
300.0,200.0,Eng2_04F-06:-78,Eng2_02F_A04:-80,Eng2_03F-05:-87,Eng2_06F-04:-82,5.0,1575156277
270.0,200.0,Eng2_04F-06:-78,Eng2_02F_A04:-80,Eng2_03F-05:-88,Eng2_06F-04:-82,5.0,1575156279
250.0,200.0,Eng2_04F-06:-78,Eng2_02F_A04:-80,Eng2_03F-05:-88,Eng2_06F-04:-82,5.0,1575156281
220.0,200.0,Eng2_04F-06:-78,Eng2_03F-05:-88,Eng2_03F-04:-81,Eng2_03F-02:-84,5.0,1575156283
200.0,200.0,Eng2_04F-06:-78,Eng2_03F-05:-88,Eng2_03F-04:-81,Eng2_03F-02:-84,5.0,1575156285
170.0,200.0,Eng2_04F-06:-78,Eng2_03F-05:-88,Eng2_03F-04:-81,Eng2_03F-02:-75,5.0,1575156287
170.0,170.0,Eng2_04F-06:-78,Eng2_03F-05:-88,Eng2_03F-04:-81,Eng2_03F-02:-75,5.0,1575156289
170.0,150.0,Eng2_04F-06:-78,Eng2_03F-05:-88,Eng2_03F-04:-79,Eng2_04F-05:-70,5.0,1575156291
170.0,120.0,Eng2_04F-06:-78,Eng2_03F-05:-88,Eng2_03F-04:-79,Eng2_04F-05:-70,5.0,1575156293
170.0,100.0,Eng2_04F-06:-78,Eng2_03F-04:-79,Eng2_04F-05:-71,Eng2_03F-02:-75,5.0,1575156295
200.0,100.0,Eng2_04F-06:-78,Eng2_03F-04:-79,Eng2_04F-05:-71,Eng2_03F-02:-75,5.0,1575156297
230.0,100.0,Eng2_04F-06:-79,Eng2_02F_A04:-84,Eng2_03F-04:-72,Eng2_04F-05:-64,5.0,1575156299
260.0,100.0,Eng2_04F-06:-79,Eng2_02F_A04:-84,Eng2_03F-04:-72,Eng2_04F-05:-64,5.0,1575156301
280.0,100.0,Eng2_04F-06:-79,Eng2_02F_A04:-81,Eng2_03F-04:-69,Eng2_04F-05:-69,5.0,1575156303
310.0,100.0,Eng2_04F-06:-79,Eng2_02F_A04:-81,Eng2_03F-04:-61,Eng2_04F-05:-69,5.0,1575156305
340.0,100.0,Eng2_04F-06:-79,Eng2_02F_A04:-81,Eng2_03F-04:-62,Eng2_04F-05:-70,5.0,1575156307
370.0,100.0,Eng2_04F-06:-79,Eng2_02F_A04:-81,Eng2_03F-04:-62,Eng2_04F-05:-70,5.0,1575156309
390.0,100.0,Eng2_04F-06:-79,Eng2_02F_A04:-81,Eng2_03F-04:-64,Eng2_04F-05:-59,5.0,1575156311
420.0,100.0,Eng2_04F-06:-79,Eng2_02F_A04:-81,Eng2_03F-04:-64,Eng2_04F-05:-59,5.0,1575156313
450.0,100.0,Eng2_04F-06:-79,Eng2_02F_A03:-82,Eng2_02F_A04:-79,Eng2_03F-04:-64,5.0,1575156315
480.0,100.0,Eng2_04F-06:-79,Eng2_02F_A03:-73,Eng2_02F_A04:-79,Eng2_03F-05:-80,5.0,1575156317
500.0,100.0,Eng2_04F-06:-79,Eng2_02F_A03:-77,Eng2_02F_A04:-87,Eng2_03F-05:-80,5.0,1575156319
530.0,100.0,Eng2_04F-06:-79,Eng2_02F_A03:-77,Eng2_02F_A04:-87,Eng2_03F-05:-80,5.0,1575156321
560.0,100.0,Eng2_04F-06:-79,Eng2_02F_A03:-86,Eng2_02F_A04:-87,Eng2_03F-05:-70,5.0,1575156323
580.0,100.0,Eng2_04F-06:-79,Eng2_02F_A03:-86,Eng2_02F_A04:-87,Eng2_03F-05:-70,5.0,1575156325
600.0,100.0,Eng2_04F-06:-79,Eng2_02F_A03:-86,Eng2_02F_A04:-87,Eng2_03F-05:-84,5.0,1575156328
620.0,100.0,Eng2_04F-06:-79,Eng2_02F_A03:-86,Eng2_02F_A04:-87,Eng2_03F-05:-84,5.0,1575156330
640.0,100.0,Eng2_04F-06:-79,Eng2_02F_A03:-86,Eng2_02F_A04:-87,Eng2_03F-08:-78,5.0,1575156332
670.0,100.0,Eng2_04F-06:-79,Eng2_02F_A03:-86,Eng2_02F_A04:-87,Eng2_03F-08:-78,5.0,1575156334
690.0,100.0,Eng2_04F-06:-79,Eng2_02F_A03:-86,Eng2_02F_A04:-87,Eng2_03F-08:-78,5.0,1575156336
710.0,100.0,Eng2_04F-06:-79,Eng2_02F_A03:-86,Eng2_02F_A04:-87,Eng2_03F-08:-78,5.0,1575156338
730.0,100.0,Eng2_04F-06:-79,Eng2_02F_A03:-85,Eng2_02F_A04:-87,Eng2_03F-08:-75,5.0,1575156340
710.0,100.0,Eng2_04F-06:-79,Eng2_02F_A03:-85,Eng2_02F_A04:-87,Eng2_03F-08:-75,5.0,1575156342
680.0,100.0,Eng2_04F-06:-79,Eng2_02F_A03:-84,Eng2_02F_A04:-87,Eng2_03F-08:-75,5.0,1575156344
660.0,100.0,Eng2_04F-06:-79,Eng2_02F_A03:-84,Eng2_02F_A04:-87,Eng2_03F-08:-75,5.0,1575156346
630.0,100.0,Eng2_04F-06:-79,Eng2_02F_A03:-76,Eng2_03F-08:-75,Eng2_06F-07:-83,5.0,1575156348
610.0,100.0,Eng2_04F-06:-79,Eng2_02F_A03:-76,Eng2_03F-08:-75,Eng2_06F-07:-83,5.0,1575156350
580.0,100.0,Eng2_04F-06:-79,Eng2_02F_A03:-76,Eng2_03F-08:-75,Eng2_06F-07:-83,5.0,1575156352
560.0,100.0,Eng2_04F-06:-79,Eng2_02F_A03:-76,Eng2_03F-08:-75,Eng2_03F-05:-68,5.0,1575156354
560.0,120.0,Eng2_04F-06:-79,Eng2_02F_A03:-85,Eng2_03F-08:-75,Eng2_03F-05:-58,5.0,1575156356
560.0,150.0,Eng2_04F-06:-79,Eng2_02F_A03:-85,Eng2_03F-08:-75,Eng2_03F-05:-58,5.0,1575156358
560.0,170.0,Eng2_04F-06:-79,Eng2_02F_A03:-85,Eng2_03F-05:-56,Eng2_03F-04:-76,5.0,1575156360
560.0,200.0,Eng2_04F-06:-79,Eng2_02F_A03:-85,Eng2_03F-05:-56,Eng2_03F-04:-76,5.0,1575156362
530.0,200.0,Eng2_04F-06:-79,Eng2_02F_A03:-85,Eng2_03F-05:-61,Eng2_03F-04:-76,5.0,1575156364
500.0,200.0,Eng2_04F-06:-79,Eng2_02F_A03:-85,Eng2_03F-05:-61,Eng2_03F-04:-76,5.0,1575156366
480.0,200.0,Eng2_04F-06:-79,Eng2_02F_A03:-85,Eng1_01F_A21:-85,Eng2_03F-05:-68,5.0,1575156368
450.0,200.0,Eng2_04F-06:-79,Eng2_02F_A03:-85,Eng1_01F_A21:-85,Eng2_03F-05:-86,5.0,1575156370
420.0,200.0,Eng2_04F-06:-79,Eng2_02F_A03:-85,Eng1_01F_A21:-85,Eng2_03F-05:-76,5.0,1575156372
390.0,200.0,Eng2_04F-06:-79,Eng2_02F_A03:-85,Eng1_01F_A21:-85,Eng2_03F-05:-76,5.0,1575156374
390.0,170.0,Eng2_04F-06:-79,Eng1_01F_A21:-85,Eng2_02F_A04:-77,Eng2_03F-05:-76,5.0,1575156376
390.0,150.0,Eng2_04F-06:-79,Eng1_01F_A21:-85,Eng2_02F_A04:-77,Eng2_03F-05:-76,5.0,1575156378
390.0,120.0,Eng2_04F-06:-79,Eng2_02F_A04:-82,Eng2_03F-05:-76,Eng2_06F-04:-77,5.0,1575156380
390.0,100.0,Eng2_04F-06:-79,Eng2_02F_A04:-82,Eng2_03F-05:-76,Eng2_06F-04:-77,5.0,1575156382
420.0,100.0,Eng2_04F-06:-79,Eng2_02F_A03:-85,Eng2_02F_A04:-76,Eng2_03F-04:-76,5.0,1575156384
450.0,100.0,Eng2_04F-06:-79,Eng2_02F_A03:-85,Eng2_02F_A04:-76,Eng2_03F-04:-76,5.0,1575156386
470.0,100.0,Eng2_04F-06:-82,Eng2_02F_A03:-79,Eng2_02F_A04:-76,Eng2_03F-04:-76,5.0,1575156388
500.0,100.0,Eng2_04F-06:-82,Eng2_02F_A03:-79,Eng2_02F_A04:-76,Eng2_03F-04:-76,5.0,1575156390
520.0,100.0,Eng2_04F-06:-82,Eng2_02F_A03:-80,Eng2_02F_A04:-76,Eng2_03F-08:-87,5.0,1575156392
550.0,100.0,Eng2_04F-06:-82,Eng2_02F_A03:-83,Eng2_02F_A04:-76,Eng2_03F-08:-87,5.0,1575156394
570.0,100.0,Eng2_04F-06:-82,Eng2_02F_A03:-83,Eng2_03F-08:-87,Eng2_06F-06:-86,5.0,1575156396
600.0,100.0,Eng2_04F-06:-82,Eng2_02F_A03:-83,Eng2_03F-08:-87,Eng2_06F-06:-86,5.0,1575156398
630.0,100.0,Eng2_04F-06:-82,Eng2_02F_A03:-88,Eng2_03F-08:-84,Eng2_06F-06:-86,5.0,1575156400
650.0,100.0,Eng2_04F-06:-82,Eng2_02F_A03:-88,Eng2_03F-08:-84,Eng2_06F-06:-86,5.0,1575156402
680.0,100.0,Eng2_04F-06:-82,Eng2_02F_A03:-88,Eng2_03F-08:-75,Eng2_06F-06:-86,5.0,1575156404
700.0,100.0,Eng2_04F-06:-82,Eng2_02F_A03:-88,Eng2_03F-08:-75,Eng2_06F-06:-86,5.0,1575156406
730.0,100.0,Eng2_04F-06:-82,Eng2_02F_A03:-88,Eng2_03F-08:-71,Eng2_06F-06:-86,5.0,1575156408
730.0,100.0,Eng2_04F-06:-82,Eng2_02F_A03:-88,Eng2_03F-08:-71,Eng2_06F-06:-86,5.0,1575156410
700.0,100.0,Eng2_04F-06:-82,Eng2_02F_A03:-88,Eng2_03F-08:-85,Eng2_06F-07:-77,5.0,1575156412
680.0,100.0,Eng2_04F-06:-82,Eng2_02F_A03:-88,Eng2_03F-08:-85,Eng2_06F-07:-77,5.0,1575156414
650.0,100.0,Eng2_04F-06:-82,Eng2_02F_A03:-80,Eng2_03F-08:-87,Eng2_05F-07:-84,5.0,1575156416
620.0,100.0,Eng2_04F-06:-82,Eng2_02F_A03:-80,Eng2_03F-08:-87,Eng2_05F-07:-84,5.0,1575156418
600.0,100.0,Eng2_04F-06:-82,Eng2_02F_A03:-83,Eng2_03F-08:-87,Eng2_03F-05:-82,5.0,1575156420
570.0,100.0,Eng2_04F-06:-82,Eng2_02F_A03:-83,Eng2_03F-08:-87,Eng2_03F-05:-82,5.0,1575156422
540.0,100.0,Eng2_04F-06:-82,Eng2_02F_A03:-83,Eng2_02F_A04:-82,Eng2_03F-08:-87,5.0,1575156424
520.0,100.0,Eng2_04F-06:-82,Eng2_02F_A03:-83,Eng2_02F_A04:-82,Eng2_03F-08:-87,5.0,1575156426
490.0,100.0,Eng2_04F-06:-82,Eng2_02F_A03:-83,Eng2_02F_A04:-82,Eng2_03F-05:-85,5.0,1575156428
460.0,100.0,Eng2_04F-06:-82,Eng2_02F_A03:-83,Eng2_02F_A04:-82,Eng2_03F-05:-85,5.0,1575156430
440.0,100.0,Eng2_04F-06:-82,Eng2_02F_A03:-83,Eng2_02F_A04:-74,Eng2_03F-05:-85,5.0,1575156432
410.0,100.0,Eng2_04F-06:-82,Eng2_02F_A03:-83,Eng2_02F_A04:-74,Eng2_03F-05:-85,5.0,1575156434
390.0,100.0,Eng2_04F-06:-82,Eng2_02F_A03:-83,Eng2_02F_A04:-84,Eng2_03F-04:-59,5.0,1575156436
360.0,100.0,Eng2_04F-06:-82,Eng2_02F_A03:-83,Eng2_02F_A04:-84,Eng2_03F-04:-59,5.0,1575156438
330.0,100.0,Eng2_04F-06:-82,Eng2_02F_A04:-84,Eng2_03F-04:-65,Eng2_04F-05:-74,5.0,1575156440
310.0,100.0,Eng2_04F-06:-82,Eng2_02F_A04:-84,Eng2_03F-04:-65,Eng2_04F-05:-74,5.0,1575156442
280.0,100.0,Eng2_04F-06:-82,Eng2_02F_A04:-84,Eng2_03F-04:-78,Eng2_04F-05:-70,5.0,1575156444
250.0,100.0,Eng2_04F-06:-82,Eng2_02F_A04:-84,Eng2_03F-04:-78,Eng2_04F-05:-70,5.0,1575156446
230.0,100.0,Eng2_04F-06:-82,Eng2_02F_A04:-84,Eng2_03F-04:-74,Eng2_04F-05:-70,5.0,1575156448
200.0,100.0,Eng2_04F-06:-82,Eng2_02F_A04:-84,Eng2_03F-04:-74,Eng2_04F-05:-70,5.0,1575156450
170.0,100.0,Eng2_04F-06:-82,Eng2_02F_A04:-84,Eng2_03F-04:-74,Eng2_04F-05:-70,5.0,1575156452
170.0,120.0,Eng2_04F-06:-82,Eng2_02F_A04:-84,Eng2_03F-04:-74,Eng2_04F-05:-70,5.0,1575156454
170.0,150.0,Eng2_04F-06:-82,Eng2_02F_A04:-84,Eng2_03F-04:-74,Eng2_04F-05:-70,5.0,1575156456
170.0,170.0,Eng2_04F-06:-82,Eng2_02F_A04:-84,Eng2_03F-04:-74,Eng2_04F-05:-70,5.0,1575156458
170.0,200.0,Eng2_04F-06:-82,Eng2_02F_A04:-84,Eng2_03F-04:-74,Eng2_04F-05:-70,5.0,1575156460
200.0,200.0,Eng2_04F-06:-82,Eng2_02F_A04:-84,Eng2_03F-04:-74,Eng2_04F-05:-70,5.0,1575156462
220.0,200.0,Eng2_04F-06:-82,Eng2_03F-04:-74,Eng2_04F-05:-70,Eng2_03F-02:-79,5.0,1575156464
250.0,200.0,Eng2_04F-06:-82,Eng2_03F-04:-74,Eng2_04F-05:-70,Eng2_03F-02:-79,5.0,1575156466
270.0,200.0,Eng2_04F-06:-82,Eng1_01F_A21:-83,Eng2_03F-05:-86,Eng2_03F-02:-79,5.0,1575156468
300.0,200.0,Eng2_04F-06:-82,Eng1_01F_A21:-83,Eng2_03F-05:-86,Eng2_03F-02:-79,5.0,1575156470
330.0,200.0,Eng2_04F-06:-82,Eng1_01F_A21:-83,Eng2_03F-05:-86,Eng2_03F-02:-79,5.0,1575156472
350.0,200.0,Eng2_04F-06:-82,Eng1_01F_A21:-83,Eng2_03F-05:-86,Eng2_03F-02:-79,5.0,1575156474
380.0,200.0,Eng2_04F-06:-82,Eng1_01F_A21:-83,Eng2_03F-05:-74,Eng2_03F-02:-79,5.0,1575156476
400.0,200.0,Eng2_04F-06:-84,Eng1_01F_A21:-83,Eng2_03F-05:-74,Eng2_03F-02:-79,5.0,1575156478
430.0,200.0,Eng2_04F-06:-84,Eng1_01F_A21:-83,Eng2_03F-05:-69,Eng2_03F-02:-79,5.0,1575156480
450.0,200.0,Eng2_04F-06:-84,Eng1_01F_A21:-83,Eng2_03F-05:-69,Eng2_04F-05:-83,5.0,1575156482
480.0,200.0,Eng2_04F-06:-84,Eng1_01F_A21:-83,Eng2_03F-05:-70,Eng2_04F-05:-65,5.0,1575156484
500.0,200.0,Eng2_04F-06:-84,Eng1_01F_A21:-83,Eng2_03F-05:-70,Eng2_04F-05:-65,5.0,1575156486
530.0,200.0,Eng2_04F-06:-84,Eng2_02F_A03:-83,Eng1_01F_A21:-83,Eng2_06F-06:-73,5.0,1575156488
550.0,200.0,Eng2_04F-06:-84,Eng2_02F_A03:-83,Eng1_01F_A21:-83,Eng2_06F-06:-73,5.0,1575156491
580.0,200.0,Eng2_04F-06:-84,Eng2_02F_A03:-83,Eng2_03F-08:-87,Eng2_06F-06:-73,5.0,1575156493
600.0,200.0,Eng2_04F-06:-84,Eng2_02F_A03:-83,Eng2_03F-08:-87,Eng2_06F-06:-73,5.0,1575156495
630.0,200.0,Eng2_04F-06:-84,Eng2_02F_A03:-83,Eng2_03F-08:-88,Eng2_06F-06:-69,5.0,1575156497
650.0,200.0,Eng2_04F-06:-84,Eng2_02F_A03:-83,Eng2_03F-08:-88,Eng2_06F-06:-69,5.0,1575156499
680.0,200.0,Eng2_04F-06:-84,Eng2_02F_A03:-83,Eng2_03F-08:-88,Eng2_06F-06:-69,5.0,1575156501
700.0,200.0,Eng2_04F-06:-84,Eng2_02F_A03:-83,Eng2_03F-08:-88,Eng2_06F-06:-69,5.0,1575156503
730.0,200.0,Eng2_04F-06:-84,Eng2_02F_A03:-83,Eng2_03F-08:-86,Eng2_06F-06:-71,5.0,1575156505
700.0,200.0,Eng2_04F-06:-84,Eng2_02F_A03:-83,Eng2_03F-08:-86,Eng2_06F-06:-71,5.0,1575156507
680.0,200.0,Eng2_04F-06:-84,Eng2_02F_A03:-83,Eng2_03F-08:-86,Eng2_06F-06:-71,5.0,1575156509
650.0,200.0,Eng2_04F-06:-84,Eng2_02F_A03:-83,Eng2_03F-08:-86,Eng2_06F-06:-71,5.0,1575156511
630.0,200.0,Eng2_04F-06:-84,Eng2_02F_A03:-83,Eng2_03F-08:-86,Eng2_06F-06:-73,5.0,1575156513
600.0,200.0,Eng2_04F-06:-84,Eng2_02F_A03:-83,Eng2_03F-08:-86,Eng2_06F-06:-73,5.0,1575156515
570.0,200.0,Eng2_04F-06:-84,Eng2_02F_A03:-81,Eng2_03F-08:-86,Eng2_06F-06:-73,5.0,1575156517
550.0,200.0,Eng2_04F-06:-84,Eng2_02F_A03:-81,Eng2_03F-08:-86,Eng2_06F-06:-73,5.0,1575156519
520.0,200.0,Eng2_04F-06:-84,Eng2_02F_A03:-81,Eng2_03F-08:-86,Eng2_06F-06:-73,5.0,1575156521
500.0,200.0,Eng2_04F-06:-84,Eng2_02F_A03:-81,Eng2_03F-08:-86,Eng2_06F-06:-73,5.0,1575156523
470.0,200.0,Eng2_04F-06:-84,Eng2_02F_A03:-81,Eng2_06F-06:-73,Eng2_05F-07:-90,5.0,1575156525
450.0,200.0,Eng2_04F-06:-84,Eng2_02F_A03:-81,Eng2_06F-06:-73,Eng2_05F-07:-90,5.0,1575156527
420.0,200.0,Eng2_04F-06:-84,Eng2_02F_A03:-81,Eng1_01F_A21:-85,Eng2_03F-05:-75,5.0,1575156529
390.0,200.0,Eng2_04F-06:-84,Eng2_02F_A03:-81,Eng1_01F_A21:-85,Eng2_03F-05:-75,5.0,1575156531
390.0,170.0,Eng2_04F-06:-84,Eng2_02F_A03:-81,Eng1_01F_A21:-85,Eng2_02F_A04:-75,5.0,1575156533
390.0,150.0,Eng2_04F-06:-84,Eng1_01F_A21:-85,Eng2_02F_A04:-75,Eng2_03F-05:-75,5.0,1575156535
390.0,120.0,Eng2_04F-06:-84,Eng1_01F_A21:-85,Eng2_02F_A04:-79,Eng2_03F-05:-75,5.0,1575156537
390.0,100.0,Eng2_04F-06:-84,Eng1_01F_A21:-85,Eng2_02F_A04:-79,Eng2_03F-04:-54,5.0,1575156539
370.0,100.0,Eng2_04F-06:-84,Eng2_02F_A04:-79,Eng2_03F-04:-77,Eng2_04F-05:-87,5.0,1575156541
340.0,100.0,Eng2_04F-06:-84,Eng2_02F_A04:-79,Eng2_03F-04:-77,Eng2_04F-05:-87,5.0,1575156543
310.0,100.0,Eng2_04F-06:-84,Eng2_02F_A04:-79,Eng2_03F-04:-77,Eng2_04F-05:-70,5.0,1575156545
280.0,100.0,Eng2_04F-06:-84,Eng2_02F_A04:-79,Eng2_03F-04:-77,Eng2_04F-05:-70,5.0,1575156547
260.0,100.0,Eng2_04F-06:-84,Eng2_02F_A04:-79,Eng2_03F-04:-76,Eng2_04F-05:-70,5.0,1575156549
230.0,100.0,Eng2_04F-06:-84,Eng2_02F_A04:-79,Eng2_03F-04:-76,Eng2_04F-05:-70,5.0,1575156551
200.0,100.0,Eng2_04F-06:-84,Eng2_03F-04:-77,Eng2_04F-05:-71,Eng2_03F-02:-74,5.0,1575156553
170.0,100.0,Eng2_04F-06:-84,Eng2_03F-04:-77,Eng2_04F-05:-71,Eng2_03F-02:-74,5.0,1575156555
170.0,120.0,Eng2_04F-06:-84,Eng2_03F-04:-86,Eng2_04F-05:-71,Eng2_03F-02:-69,5.0,1575156557
170.0,150.0,Eng2_04F-06:-84,Eng2_03F-04:-86,Eng2_04F-05:-71,Eng2_03F-02:-69,5.0,1575156559
170.0,170.0,Eng2_04F-06:-84,Eng2_03F-04:-86,Eng2_04F-05:-71,Eng2_03F-02:-69,5.0,1575156561
140.0,170.0,Eng2_04F-06:-84,Eng2_03F-04:-86,Eng2_04F-05:-71,Eng2_03F-02:-69,5.0,1575156563
140.0,180.0,Eng2_04F-06:-84,Eng2_03F-05:-89,Eng2_03F-04:-86,Eng2_04F-05:-71,5.0,1575156565
140.0,200.0,Eng2_04F-06:-84,Eng2_03F-05:-89,Eng2_03F-04:-86,Eng2_04F-05:-71,5.0,1575156567
110.0,200.0,Eng2_04F-06:0,Eng2_03F-05:-89,Eng2_03F-04:-86,Eng2_04F-05:-71,5.0,1575156569
90.0,200.0,Eng2_04F-06:0,Eng2_03F-05:-89,Eng2_03F-04:-86,Eng2_04F-05:-71,5.0,1575156571
70.0,200.0,Eng2_04F-06:0,Eng2_03F-05:-89,Eng2_03F-04:-86,Eng2_04F-05:-71,5.0,1575156573
40.0,200.0,Eng2_04F-06:0,Eng2_03F-05:-89,Eng2_03F-04:-86,Eng2_04F-05:-71,5.0,1575156575
20.0,200.0,Eng2_04F-06:0,Eng2_03F-05:-89,Eng2_03F-04:-86,Eng2_04F-05:-71,5.0,1575156577
40.0,200.0,Eng2_04F-06:0,Eng2_03F-05:-89,Eng2_03F-04:-86,Eng2_04F-05:-71,5.0,1575156579
60.0,200.0,Eng2_04F-06:0,Eng2_03F-05:-89,Eng2_03F-04:-86,Eng2_04F-05:-71,5.0,1575156581
80.0,200.0,Eng2_04F-06:0,Eng2_03F-05:-89,Eng2_03F-04:-86,Eng2_04F-05:-71,5.0,1575156583
100.0,200.0,Eng2_04F-06:0,Eng2_03F-05:-89,Eng2_03F-04:-86,Eng2_04F-05:-71,5.0,1575156585
120.0,200.0,Eng2_04F-06:0,Eng2_03F-05:-89,Eng2_03F-04:-86,Eng2_04F-05:-71,5.0,1575156587
140.0,200.0,Eng2_04F-06:0,Eng2_03F-05:-89,Eng2_03F-04:-86,Eng2_04F-05:-71,5.0,1575156589
140.0,170.0,Eng2_04F-06:0,Eng2_03F-05:-89,Eng2_03F-04:-86,Eng2_04F-05:-71,5.0,1575156591
140.0,150.0,Eng2_04F-06:0,Eng2_03F-05:-89,Eng2_03F-04:-86,Eng2_04F-05:-86,5.0,1575156593
140.0,120.0,Eng2_04F-06:0,Eng2_03F-05:-89,Eng2_03F-04:-86,Eng2_04F-05:-86,5.0,1575156595
140.0,100.0,Eng2_04F-06:0,Eng2_03F-05:-89,Eng2_04F-05:-86,Eng2_03F-02:-72,5.0,1575156597
110.0,100.0,Eng2_04F-06:0,Eng2_03F-05:-89,Eng2_04F-05:-86,Eng2_03F-02:-72,5.0,1575156599
90.0,100.0,Eng2_04F-06:0,Out_AP13:-89,Eng2_04F-05:-86,Eng2_03F-02:-72,5.0,1575156601
70.0,100.0,Eng2_04F-06:0,Out_AP13:-89,Eng2_04F-05:-86,Eng2_03F-02:-72,5.0,1575156603
40.0,100.0,Eng2_04F-06:0,Out_AP13:-89,Eng2_04F-05:-77,Eng2_03F-02:-72,5.0,1575156605
20.0,100.0,Eng2_04F-06:0,Out_AP13:-89,Eng2_04F-05:-77,Eng2_03F-02:-72,5.0,1575156607
40.0,100.0,Eng2_04F-06:0,Out_AP13:-89,Eng2_04F-05:-77,Eng2_03F-02:-76,5.0,1575156609
70.0,100.0,Eng2_04F-06:0,Out_AP13:-89,Eng2_04F-05:-77,Eng2_03F-02:-76,5.0,1575156611
90.0,100.0,Eng2_04F-06:0,Out_AP13:-89,Eng2_04F-05:-80,Eng2_03F-02:-74,5.0,1575156613
110.0,100.0,Eng2_04F-06:0,Out_AP13:-89,Eng2_03F-04:-85,Eng2_04F-05:-80,5.0,1575156615
140.0,100.0,Eng2_04F-06:0,Out_AP13:-89,Eng2_03F-04:-85,Eng2_04F-05:-80,5.0,1575156617
140.0,130.0,Eng2_04F-06:0,Out_AP13:-89,Eng2_03F-04:-85,Eng2_04F-05:-80,5.0,1575156619
140.0,170.0,Eng2_04F-06:0,Out_AP13:-89,Eng2_03F-04:-85,Eng2_04F-05:-80,5.0,1575156621
150.0,170.0,Eng2_04F-06:0,Out_AP13:-89,Eng2_03F-04:-85,Eng2_04F-05:-80,5.0,1575156623
170.0,170.0,Eng2_04F-06:0,Out_AP13:-89,Eng2_03F-04:-85,Eng2_04F-05:-80,5.0,1575156625
170.0,180.0,Eng2_04F-06:0,Out_AP13:-89,Eng2_03F-04:-85,Eng2_04F-05:-80,5.0,1575156627
170.0,200.0,Eng2_04F-06:0,Eng2_03F-05:-81,Eng2_03F-04:-85,Eng2_04F-05:-80,5.0,1575156629
200.0,200.0,Eng2_04F-06:0,Eng2_03F-05:-81,Eng2_03F-04:-85,Eng2_04F-05:-80,5.0,1575156631
230.0,200.0,Eng2_04F-06:0,Eng1_01F_A21:-92,Eng2_03F-05:-78,Eng2_03F-04:-85,5.0,1575156633
260.0,200.0,Eng2_04F-06:0,Eng1_01F_A21:-92,Eng2_03F-05:-78,Eng2_03F-04:-85,5.0,1575156635
280.0,200.0,Eng2_04F-06:0,Eng1_01F_A21:-90,Eng2_03F-05:-82,Eng2_03F-04:-85,5.0,1575156637
310.0,200.0,Eng2_04F-06:0,Eng1_01F_A21:-90,Eng2_03F-05:-82,Eng2_03F-04:-85,5.0,1575156639
340.0,200.0,Eng2_04F-06:0,Eng1_01F_A21:-90,Eng2_03F-05:-82,Eng2_06F-04:-75,5.0,1575156641
370.0,200.0,Eng2_04F-06:0,Eng1_01F_A21:-90,Eng2_03F-05:-82,Eng2_06F-04:-75,5.0,1575156643
390.0,200.0,Eng2_04F-06:0,Eng1_01F_A21:-90,Eng2_02F_A04:-76,Eng2_03F-05:-88,5.0,1575156645
390.0,170.0,Eng2_04F-06:0,Eng1_01F_A21:-90,Eng2_02F_A04:-76,Eng2_03F-05:-88,5.0,1575156647
390.0,150.0,Eng2_04F-06:0,Eng1_01F_A21:-90,Eng2_02F_A04:-95,Eng2_03F-05:-88,5.0,1575156649
390.0,120.0,Eng2_04F-06:0,Eng1_01F_A21:-90,Eng2_02F_A04:-95,Eng2_03F-05:-88,5.0,1575156651
390.0,100.0,Eng2_04F-06:0,Eng2_02F_A04:-95,Eng2_03F-05:-88,Eng2_06F-04:-75,5.0,1575156653
370.0,100.0,Eng2_04F-06:0,Eng2_02F_A04:-95,Eng2_03F-05:-88,Eng2_06F-04:-75,5.0,1575156655
340.0,100.0,Eng2_04F-06:0,Eng2_02F_A04:-95,Eng2_03F-05:-88,Eng2_06F-04:-75,5.0,1575156658
310.0,100.0,Eng2_04F-06:0,Eng2_02F_A04:-95,Eng2_03F-05:-88,Eng2_06F-04:-75,5.0,1575156660
280.0,100.0,Eng2_04F-06:0,Eng2_03F-04:-73,Eng2_04F-05:-75,Eng2_03F-02:-72,5.0,1575156662
260.0,100.0,Eng2_04F-06:0,Eng2_03F-04:-73,Eng2_04F-05:-75,Eng2_03F-02:-72,5.0,1575156664
230.0,100.0,Eng2_04F-06:0,Eng2_03F-04:-73,Eng2_04F-05:-77,Eng2_03F-02:-67,5.0,1575156666
200.0,100.0,Eng2_04F-06:0,Eng2_03F-04:-73,Eng2_04F-05:-77,Eng2_03F-02:-67,5.0,1575156668
170.0,100.0,Eng2_04F-06:0,Eng2_03F-04:-73,Eng2_04F-05:-77,Eng2_03F-02:-67,5.0,1575156670
170.0,130.0,Eng2_04F-06:0,Eng2_03F-04:-73,Eng2_04F-05:-77,Eng2_03F-02:-67,5.0,1575156672
170.0,170.0,Eng2_04F-06:0,Eng2_03F-04:-73,Eng2_04F-05:-77,Eng2_03F-02:-67,5.0,1575156674
150.0,170.0,Eng2_04F-06:0,Eng2_03F-04:-73,Eng2_04F-05:-77,Eng2_03F-02:-67,5.0,1575156676
140.0,170.0,Eng2_04F-06:0,Eng2_03F-04:-73,Eng2_04F-05:-77,Eng2_03F-02:-67,5.0,1575156678
140.0,150.0,Eng2_04F-06:0,Eng2_03F-04:-73,Eng2_04F-05:-77,Eng2_03F-02:-67,5.0,1575156680
140.0,120.0,Eng2_04F-06:0,Eng2_03F-04:-72,Eng2_04F-05:-80,Eng2_03F-02:-65,5.0,1575156682
140.0,100.0,Eng2_04F-06:0,Eng2_03F-04:-72,Eng2_04F-05:-80,Eng2_03F-02:-65,5.0,1575156684
110.0,100.0,Eng2_04F-06:0,Eng2_03F-04:-72,Eng2_04F-05:-80,108-5F-05:-89,5.0,1575156686
90.0,100.0,Eng2_04F-06:0,Eng2_03F-04:-72,Eng2_04F-05:-80,108-5F-05:-89,5.0,1575156688
70.0,100.0,Eng2_04F-06:0,Eng2_03F-04:-72,Eng2_04F-05:-80,108-5F-05:-89,5.0,1575156690
40.0,100.0,Eng2_04F-06:0,Eng2_03F-04:-72,Eng2_04F-05:-80,108-5F-05:-89,5.0,1575156692
20.0,100.0,Eng2_04F-06:0,Eng2_03F-04:-72,Eng2_04F-05:-72,108-5F-05:-89,5.0,1575156694
50.0,100.0,Eng2_04F-06:0,Eng2_03F-04:-72,Eng2_04F-05:-72,108-5F-05:-89,5.0,1575156696
80.0,100.0,Eng2_04F-06:0,Eng2_03F-04:-72,Eng2_04F-05:-72,108-5F-05:-89,5.0,1575156698
110.0,100.0,Eng2_04F-06:0,Eng2_03F-04:-72,Eng2_04F-05:-72,108-5F-05:-89,5.0,1575156700
140.0,100.0,Eng2_04F-06:0,Eng2_03F-04:-72,Eng2_04F-05:-72,108-5F-05:-89,5.0,1575156702
140.0,120.0,Eng2_04F-06:0,Eng2_03F-04:-72,Eng2_04F-05:-72,108-5F-05:-89,5.0,1575156704
140.0,150.0,Eng2_04F-06:0,Eng2_03F-04:-72,Eng2_04F-05:-72,108-5F-05:-89,5.0,1575156706
140.0,170.0,Eng2_04F-06:0,Eng2_03F-04:-72,Eng2_04F-05:-72,108-5F-05:-89,5.0,1575156708
140.0,200.0,Eng2_04F-06:0,Eng2_03F-04:-72,Eng2_04F-05:-72,108-5F-05:-89,5.0,1575156710
110.0,200.0,Eng2_04F-06:0,Eng2_03F-04:-72,Eng2_04F-05:-72,108-5F-05:-89,5.0,1575156712
90.0,200.0,Eng2_04F-06:0,Eng2_03F-04:-72,Eng2_04F-05:-72,108-5F-05:-89,5.0,1575156714
70.0,200.0,Eng2_04F-06:0,Eng2_03F-04:-72,Eng2_04F-05:-72,108-5F-05:-89,5.0,1575156716
40.0,200.0,Eng2_04F-06:0,Eng2_03F-04:-72,Eng2_04F-05:-72,108-5F-05:-89,5.0,1575156718
20.0,200.0,Eng2_04F-06:0,Eng2_03F-04:-72,Eng2_04F-05:-72,108-5F-05:-89,5.0,1575156720
40.0,200.0,Eng2_04F-06:0,Out_AP13:-96,Head_04F_A08:-88,Eng2_03F-04:-72,5.0,1575156723
70.0,200.0,Eng2_04F-06:0,Out_AP13:-96,Head_04F_A08:-88,Eng2_03F-04:-72,5.0,1575156725
90.0,200.0,Eng2_04F-06:0,Out_AP13:-96,Head_04F_A08:-88,Eng2_04F-05:-72,5.0,1575156727
110.0,200.0,Eng2_04F-06:0,Out_AP13:-96,Head_04F_A08:-88,Eng2_04F-05:-72,5.0,1575156729
140.0,200.0,Eng2_04F-06:0,Out_AP13:-96,Head_04F_A08:-88,Eng2_04F-05:-72,5.0,1575156731
140.0,170.0,Eng2_04F-06:0,Out_AP13:-96,Head_04F_A08:-88,Eng2_04F-05:-72,5.0,1575156733
150.0,170.0,Eng2_04F-06:0,Out_AP13:-96,Head_04F_A08:-88,Eng2_03F-04:-87,5.0,1575156735
170.0,170.0,Eng2_04F-06:0,Out_AP13:-96,Head_04F_A08:-88,Eng2_03F-04:-87,5.0,1575156737
170.0,130.0,Eng2_04F-06:0,Out_AP13:-96,Head_04F_A08:-88,Eng2_03F-04:-87,5.0,1575156739
170.0,100.0,Eng2_04F-06:0,Head_04F_A08:-88,Eng2_03F-04:-74,Eng2_04F-05:-87,5.0,1575156741
200.0,100.0,Eng2_04F-06:0,Eng2_03F-04:-72,Eng2_04F-05:-87,Eng2_03F-02:-85,5.0,1575156743
230.0,100.0,Eng2_04F-06:0,Eng2_03F-04:-72,Eng2_04F-05:-87,Eng2_03F-02:-85,5.0,1575156745
260.0,100.0,Eng2_04F-06:0,Eng2_03F-04:-69,Eng2_04F-05:-76,Eng2_03F-02:-85,5.0,1575156747
280.0,100.0,Eng2_04F-06:-85,Eng2_03F-04:-69,Eng2_04F-05:-76,Eng2_03F-02:-85,5.0,1575156749
310.0,100.0,Eng2_04F-06:-85,Eng2_03F-04:-64,Eng2_04F-05:-70,Eng2_03F-02:-85,5.0,1575156751
340.0,100.0,Eng2_04F-06:-85,Eng2_02F_A04:-81,Eng2_03F-04:-73,Eng2_04F-05:-70,5.0,1575156753
370.0,100.0,Eng2_04F-06:-85,Eng2_02F_A04:-81,Eng2_03F-04:-72,Eng2_04F-05:-71,5.0,1575156755
390.0,100.0,Eng2_04F-06:-85,Eng2_02F_A04:-81,Eng2_03F-04:-72,Eng2_04F-05:-71,5.0,1575156757
390.0,120.0,Eng2_04F-06:-85,Eng2_02F_A04:-83,Eng2_06F-04:-72,Eng2_03F-04:-82,5.0,1575156759
390.0,150.0,Eng2_04F-06:-85,Eng2_02F_A04:-83,Eng2_06F-04:-72,Eng2_03F-04:-82,5.0,1575156761
390.0,170.0,Eng2_04F-06:-85,Eng2_02F_A04:-83,Eng2_06F-04:-72,Eng2_03F-04:-83,5.0,1575156763
390.0,200.0,Eng2_04F-06:-85,Eng2_02F_A04:-83,Eng2_06F-04:-72,Eng2_03F-04:-83,5.0,1575156765
420.0,200.0,Eng2_04F-06:-85,Eng2_02F_A04:-83,Eng2_06F-06:-76,Eng2_03F-05:-79,5.0,1575156767
450.0,200.0,Eng2_04F-06:-85,Eng2_02F_A04:-83,Eng2_06F-06:-76,Eng2_03F-05:-79,5.0,1575156769
480.0,200.0,Eng2_04F-06:-85,Eng2_02F_A04:-83,Eng2_06F-06:-76,Eng2_03F-05:-68,5.0,1575156771
500.0,200.0,Eng2_04F-06:-85,Eng2_02F_A04:-83,Eng2_06F-06:-76,Eng2_03F-05:-68,5.0,1575156773
530.0,200.0,Eng2_04F-06:-85,Eng2_02F_A04:-83,Eng2_06F-06:-76,Eng2_03F-05:-56,5.0,1575156775
560.0,200.0,Eng2_04F-06:-85,Eng2_02F_A04:-83,Eng2_06F-06:-76,Eng2_03F-05:-56,5.0,1575156777
560.0,170.0,Eng2_04F-06:-85,Eng2_02F_A03:-84,Eng2_06F-06:-76,Eng2_03F-05:-70,5.0,1575156779
560.0,150.0,Eng2_04F-06:-85,Eng2_02F_A03:-84,Eng2_06F-06:-76,Eng2_03F-05:-70,5.0,1575156781
560.0,120.0,Eng2_04F-06:-85,Eng2_02F_A03:-84,Eng2_06F-06:-76,Eng2_03F-05:-72,5.0,1575156783
560.0,100.0,Eng2_04F-06:-85,Eng2_02F_A03:-84,Eng2_06F-06:-76,Eng2_03F-05:-72,5.0,1575156785
530.0,100.0,Eng2_04F-06:-85,Eng2_02F_A03:-87,Eng2_02F_A04:-83,Eng2_03F-05:-86,5.0,1575156787
500.0,100.0,Eng2_04F-06:-85,Eng2_02F_A03:-87,Eng2_02F_A04:-83,Eng2_03F-05:-86,5.0,1575156789
480.0,100.0,Eng2_04F-06:-85,Eng2_02F_A03:-94,Eng2_02F_A04:-78,Eng2_03F-05:-86,5.0,1575156791
450.0,100.0,Eng2_04F-06:-85,Eng2_02F_A03:-94,Eng2_02F_A04:-75,Eng2_03F-05:-86,5.0,1575156793
420.0,100.0,Eng2_04F-06:-85,Eng2_02F_A03:-94,Eng2_02F_A04:-75,Eng2_03F-05:-86,5.0,1575156795
390.0,100.0,Eng2_04F-06:-85,Eng2_02F_A03:-94,Eng2_02F_A04:-75,Eng2_03F-05:-86,5.0,1575156797
390.0,120.0,Eng2_04F-06:-85,Eng2_02F_A03:-94,Eng2_02F_A04:-76,Eng2_06F-04:-80,5.0,1575156799
390.0,150.0,Eng2_04F-06:-85,Eng2_02F_A03:-94,Eng2_02F_A04:-76,Eng2_06F-04:-80,5.0,1575156801
390.0,170.0,Eng2_04F-06:-85,Eng2_02F_A03:-94,Eng2_02F_A04:-76,Eng2_03F-05:-77,5.0,1575156803
390.0,200.0,Eng2_04F-06:-85,Eng2_02F_A04:-76,Eng2_03F-05:-77,Eng2_06F-04:-80,5.0,1575156805
420.0,200.0,Eng2_04F-06:-85,Eng2_02F_A04:-76,Eng2_05F-07:-85,Eng2_03F-05:-59,5.0,1575156807
450.0,200.0,Eng2_04F-06:-85,Eng2_02F_A04:-76,Eng2_05F-07:-85,Eng2_03F-05:-59,5.0,1575156809
480.0,200.0,Eng2_04F-06:-85,Eng2_02F_A04:-76,Eng2_05F-07:-85,Eng2_03F-05:-64,5.0,1575156811
500.0,200.0,Eng2_04F-06:-85,Eng2_02F_A04:-76,Eng2_05F-07:-85,Eng2_03F-05:-64,5.0,1575156813
530.0,200.0,Eng2_04F-06:-85,Eng2_02F_A03:-84,Eng2_02F_A04:-76,Eng2_05F-07:-85,5.0,1575156815
560.0,200.0,Eng2_04F-06:-85,Eng2_02F_A03:-84,Eng2_02F_A04:-76,Eng2_05F-07:-85,5.0,1575156817
560.0,160.0,Eng2_04F-06:-85,Eng2_02F_A03:-82,Eng2_02F_A04:-76,Eng2_05F-07:-85,5.0,1575156819
560.0,130.0,Eng2_04F-06:-85,Eng2_02F_A03:-82,Eng2_02F_A04:-76,Eng2_05F-07:-85,5.0,1575156821
560.0,100.0,Eng2_04F-06:-85,Eng2_02F_A03:-84,Eng2_02F_A04:-83,Eng2_03F-05:-70,5.0,1575156823
530.0,100.0,Eng2_04F-06:-85,Eng2_02F_A03:-84,Eng2_02F_A04:-83,Eng2_03F-05:-70,5.0,1575156825
500.0,100.0,Eng2_04F-06:-85,Eng2_02F_A03:-84,Eng2_02F_A04:-83,Eng2_03F-05:-70,5.0,1575156827
480.0,100.0,Eng2_04F-06:-85,Eng2_02F_A03:-84,Eng2_02F_A04:-83,Eng2_03F-05:-70,5.0,1575156829
450.0,100.0,Eng2_04F-06:-85,Eng2_02F_A03:-84,Eng2_02F_A04:-76,Eng2_03F-05:-70,5.0,1575156831
420.0,100.0,Eng2_04F-06:-85,Eng2_02F_A03:-84,Eng2_02F_A04:-76,Eng2_03F-05:-70,5.0,1575156833
390.0,100.0,Eng2_04F-06:-85,Eng2_02F_A03:-84,Eng2_02F_A04:-81,Eng2_03F-05:-70,5.0,1575156835
390.0,120.0,Eng2_04F-06:-85,Eng2_02F_A03:-84,Eng2_02F_A04:-81,Eng2_03F-05:-70,5.0,1575156837
390.0,150.0,Eng2_04F-06:-81,Eng2_02F_A03:-84,Eng2_02F_A04:-81,Eng2_03F-05:-85,5.0,1575156839
390.0,170.0,Eng2_04F-06:-81,Eng2_02F_A03:-84,Eng2_02F_A04:-81,Eng2_03F-05:-85,5.0,1575156841
390.0,200.0,Eng2_04F-06:-81,Eng2_02F_A03:-84,Eng2_02F_A04:-81,Eng2_03F-05:-74,5.0,1575156843
420.0,200.0,Eng2_04F-06:-81,Eng2_02F_A03:-84,Eng2_02F_A04:-81,Eng2_03F-05:-74,5.0,1575156845
450.0,200.0,Eng2_04F-06:-81,Eng2_02F_A04:-81,Eng2_05F-07:-86,Eng2_03F-05:-59,5.0,1575156847
480.0,200.0,Eng2_04F-06:-81,Eng2_02F_A04:-81,Eng2_05F-07:-86,Eng2_03F-05:-59,5.0,1575156849
500.0,200.0,Eng2_04F-06:-81,Eng2_02F_A04:-81,Eng2_05F-07:-86,Eng2_03F-05:-68,5.0,1575156851
530.0,200.0,Eng2_04F-06:-81,Eng2_02F_A04:-81,Eng2_05F-07:-86,Eng2_03F-05:-68,5.0,1575156853
560.0,200.0,Eng2_04F-06:-81,Eng2_02F_A03:-80,Eng2_02F_A04:-81,Eng2_06F-06:-79,5.0,1575156855
560.0,160.0,Eng2_04F-06:-81,Eng2_02F_A03:-80,Eng2_06F-06:-79,Eng2_05F-07:-86,5.0,1575156857
560.0,130.0,Eng2_04F-06:-81,Eng2_02F_A03:-86,Eng2_06F-06:-79,Eng2_05F-07:-86,5.0,1575156859
560.0,100.0,Eng2_04F-06:-81,Eng2_02F_A03:-86,Eng2_06F-06:-79,Eng2_05F-07:-86,5.0,1575156861
580.0,100.0,Eng2_04F-06:-81,Eng2_02F_A03:-86,Eng2_06F-06:-79,Eng2_05F-07:-86,5.0,1575156863
610.0,100.0,Eng2_04F-06:-81,Eng2_02F_A03:-86,Eng2_06F-06:-79,Eng2_05F-07:-86,5.0,1575156865
630.0,100.0,Eng2_04F-06:-81,Eng2_02F_A03:-86,Eng2_03F-08:-90,Eng2_06F-06:-79,5.0,1575156867
660.0,100.0,Eng2_04F-06:-81,Eng2_02F_A03:-86,Eng2_03F-08:-90,Eng2_06F-06:-79,5.0,1575156870
680.0,100.0,Eng2_04F-06:-81,Eng2_02F_A03:-86,Eng2_03F-08:-83,Eng2_06F-06:-79,5.0,1575156872
710.0,100.0,Eng2_04F-06:-81,Eng2_02F_A03:-86,Eng2_03F-08:-83,Eng2_06F-06:-79,5.0,1575156874
730.0,100.0,Eng2_04F-06:-81,Eng2_02F_A03:-86,Eng2_03F-08:-79,Eng2_06F-06:-79,5.0,1575156876
710.0,100.0,Eng2_04F-06:-81,Eng2_02F_A03:-86,Eng2_03F-08:-79,Eng2_06F-06:-79,5.0,1575156878
680.0,100.0,Eng2_04F-06:-81,Eng2_02F_A03:-87,Eng2_03F-08:-79,Eng2_06F-06:-79,5.0,1575156880
660.0,100.0,Eng2_04F-06:-81,Eng2_02F_A03:-87,Eng2_03F-08:-87,Eng2_06F-06:-79,5.0,1575156882
630.0,100.0,Eng2_04F-06:-81,Eng2_02F_A03:-84,Eng2_03F-08:-87,Eng2_06F-06:-79,5.0,1575156884
610.0,100.0,Eng2_04F-06:-81,Eng2_02F_A03:-84,Eng2_03F-08:-87,Eng2_06F-06:-79,5.0,1575156886
580.0,100.0,Eng2_04F-06:-81,Eng2_02F_A03:-79,Eng2_03F-08:-87,Eng2_05F-07:-80,5.0,1575156888
560.0,100.0,Eng2_04F-06:-81,Eng2_02F_A03:-79,Eng2_03F-08:-87,Eng2_05F-07:-80,5.0,1575156890
540.0,100.0,Eng2_04F-06:-81,Eng2_02F_A03:-83,Eng2_02F_A04:-85,Eng2_03F-08:-87,5.0,1575156892
510.0,100.0,Eng2_04F-06:-81,Eng2_02F_A03:-83,Eng2_02F_A04:-85,Eng2_03F-08:-87,5.0,1575156894
490.0,100.0,Eng2_04F-06:-81,Eng2_02F_A03:-83,Eng2_02F_A04:-81,Eng2_03F-08:-87,5.0,1575156896
460.0,100.0,Eng2_04F-06:-81,Eng2_02F_A03:-83,Eng2_02F_A04:-81,Eng2_03F-08:-87,5.0,1575156898
440.0,100.0,Eng2_04F-06:-81,Eng2_02F_A03:-83,Eng2_02F_A04:-76,Eng2_03F-05:-76,5.0,1575156900
420.0,100.0,Eng2_04F-06:-81,Eng2_02F_A03:-83,Eng2_02F_A04:-76,Eng2_03F-05:-76,5.0,1575156902
390.0,100.0,Eng2_04F-06:-81,Eng2_02F_A03:-83,Eng2_02F_A04:-79,Eng2_03F-05:-76,5.0,1575156904
370.0,100.0,Eng2_04F-06:-81,Eng2_02F_A03:-83,Eng2_02F_A04:-79,Eng2_03F-05:-76,5.0,1575156906
340.0,100.0,Eng2_04F-06:-81,Eng2_02F_A03:-83,Eng2_02F_A04:-79,Eng2_03F-05:-76,5.0,1575156908
310.0,100.0,Eng2_04F-06:-81,Eng2_02F_A03:-83,Eng2_02F_A04:-79,Eng2_03F-04:-71,5.0,1575156910
280.0,100.0,Eng2_04F-06:-81,Eng2_02F_A04:-79,Eng2_03F-04:-79,Eng2_04F-05:-74,5.0,1575156912
260.0,100.0,Eng2_04F-06:-81,Eng2_02F_A04:-79,Eng2_03F-04:-79,Eng2_04F-05:-74,5.0,1575156914
230.0,100.0,Eng2_04F-06:-81,Eng2_02F_A04:-79,Eng2_03F-04:-79,Eng2_04F-05:-73,5.0,1575156916
200.0,100.0,Eng2_04F-06:-81,Eng2_02F_A04:-79,Eng2_03F-04:-79,Eng2_04F-05:-73,5.0,1575156918
170.0,100.0,Eng2_04F-06:-81,Eng2_02F_A04:-79,Eng2_03F-04:-80,Eng2_04F-05:-73,5.0,1575156920
170.0,120.0,Eng2_04F-06:-81,Eng2_02F_A04:-79,Eng2_03F-04:-80,Eng2_04F-05:-73,5.0,1575156922
170.0,150.0,Eng2_04F-06:-81,Eng2_02F_A04:-79,Eng2_03F-04:-80,Eng2_04F-05:-73,5.0,1575156924
170.0,170.0,Eng2_04F-06:-81,Eng2_02F_A04:-79,Eng2_03F-05:-78,Eng2_03F-04:-80,5.0,1575156926
170.0,200.0,Eng2_04F-06:-81,Eng2_03F-05:-78,Eng2_03F-04:-80,Eng2_04F-05:-73,5.0,1575156928
200.0,200.0,Eng2_04F-06:-79,Eng2_03F-05:-78,Eng2_03F-04:-80,Eng2_04F-05:-73,5.0,1575156930
230.0,200.0,Eng2_04F-06:-79,Eng2_03F-05:-78,Eng2_06F-04:-99,Eng2_03F-04:-80,5.0,1575156932
260.0,200.0,Eng2_04F-06:-79,Eng2_03F-05:-78,Eng2_06F-04:-99,Eng2_03F-04:-80,5.0,1575156934
280.0,200.0,Eng2_04F-06:-79,Eng2_03F-05:-84,Eng2_06F-04:-99,Eng2_03F-04:-80,5.0,1575156936
310.0,200.0,Eng2_04F-06:-79,Eng2_03F-05:-84,Eng2_06F-04:-99,Eng2_03F-04:-80,5.0,1575156938
340.0,200.0,Eng2_04F-06:-79,Eng2_03F-05:-84,Eng2_06F-04:-99,Eng2_03F-04:-80,5.0,1575156940
370.0,200.0,Eng2_04F-06:-79,Eng2_03F-05:-84,Eng2_06F-04:-99,Eng2_03F-04:-75,5.0,1575156942
390.0,200.0,Eng2_04F-06:-79,Eng2_02F_A04:-89,Eng2_06F-06:-89,Eng2_03F-05:-74,5.0,1575156944
420.0,200.0,Eng2_04F-06:-79,Eng2_02F_A04:-89,Eng2_06F-06:-89,Eng2_03F-05:-74,5.0,1575156946
450.0,200.0,Eng2_04F-06:-79,Eng2_02F_A04:-89,Eng2_06F-06:-89,Eng2_03F-05:-66,5.0,1575156948
480.0,200.0,Eng2_04F-06:-79,Eng2_02F_A04:-89,Eng2_06F-06:-89,Eng2_03F-05:-66,5.0,1575156950
500.0,200.0,Eng2_04F-06:-79,Eng2_02F_A03:-88,Eng1_01F_A21:-87,Eng2_02F_A04:-89,5.0,1575156952
530.0,200.0,Eng2_04F-06:-79,Eng2_02F_A03:-88,Eng1_01F_A21:-87,Eng2_02F_A04:-89,5.0,1575156954
560.0,200.0,Eng2_04F-06:-79,Eng2_02F_A03:-86,Eng1_01F_A21:-87,Eng2_02F_A04:-89,5.0,1575156956
580.0,200.0,Eng2_04F-06:-79,Eng2_02F_A03:-86,Eng1_01F_A21:-87,Eng2_02F_A04:-89,5.0,1575156958
610.0,200.0,Eng2_04F-06:-79,Eng2_02F_A03:-86,Eng1_01F_A21:-87,Eng2_02F_A04:-89,5.0,1575156960
630.0,200.0,Eng2_04F-06:-79,Eng2_02F_A03:-86,Eng1_01F_A21:-87,Eng2_02F_A04:-89,5.0,1575156962
660.0,200.0,Eng2_04F-06:-79,Eng2_02F_A03:-86,Eng1_01F_A21:-87,Eng2_02F_A04:-89,5.0,1575156964
680.0,200.0,Eng2_04F-06:-79,Eng2_02F_A03:-86,Eng1_01F_A21:-87,Eng2_02F_A04:-89,5.0,1575156966
710.0,200.0,Eng2_04F-06:-79,Eng2_02F_A03:-86,Eng1_01F_A21:-87,Eng2_02F_A04:-89,5.0,1575156968
730.0,200.0,Eng2_04F-06:-79,Eng2_02F_A03:-86,Eng1_01F_A21:-87,Eng2_02F_A04:-89,5.0,1575156970
710.0,200.0,Eng2_04F-06:-79,Eng2_02F_A03:-86,Eng1_01F_A21:-87,Eng2_02F_A04:-89,5.0,1575156972
680.0,200.0,Eng2_04F-06:-79,Eng2_02F_A03:-86,Eng1_01F_A21:-87,Eng2_02F_A04:-89,5.0,1575156974
660.0,200.0,Eng2_04F-06:-79,Eng2_02F_A03:-86,Eng1_01F_A21:-87,Eng2_02F_A04:-89,5.0,1575156976
630.0,200.0,Eng2_04F-06:-79,Eng2_02F_A03:-86,Eng1_01F_A21:-87,Eng2_02F_A04:-89,5.0,1575156978
610.0,200.0,Eng2_04F-06:-79,Eng2_02F_A03:-86,Eng1_01F_A21:-87,Eng2_02F_A04:-89,5.0,1575156980
580.0,200.0,Eng2_04F-06:-79,Eng2_02F_A03:-86,Eng1_01F_A21:-87,Eng2_02F_A04:-89,5.0,1575156982
560.0,200.0,Eng2_04F-06:-79,Eng2_02F_A03:-86,Eng1_01F_A21:-87,Eng2_06F-06:-85,5.0,1575156984
530.0,200.0,Eng2_04F-06:-79,Eng2_02F_A03:-86,Eng1_01F_A21:-87,Eng2_06F-06:-85,5.0,1575156986
500.0,200.0,Eng2_04F-06:-79,Eng2_02F_A03:-86,Eng1_01F_A21:-87,Eng2_06F-06:-85,5.0,1575156988
480.0,200.0,Eng2_04F-06:-79,Eng2_02F_A03:-86,Eng1_01F_A21:-87,Eng2_06F-06:-85,5.0,1575156990
450.0,200.0,Eng2_04F-06:-79,Eng2_06F-06:-85,Eng2_05F-07:-90,Eng2_03F-05:-74,5.0,1575156992
420.0,200.0,Eng2_04F-06:-79,Eng2_06F-06:-85,Eng2_05F-07:-90,Eng2_03F-05:-74,5.0,1575156994
390.0,200.0,Eng2_04F-06:-79,Eng2_02F_A04:-79,Eng2_06F-06:-85,Eng2_05F-07:-90,5.0,1575156996
390.0,170.0,Eng2_04F-06:-79,Eng2_02F_A04:-77,Eng2_06F-06:-85,Eng2_05F-07:-90,5.0,1575156998
390.0,150.0,Eng2_04F-06:-79,Eng2_02F_A04:-79,Eng2_03F-05:-79,Eng2_06F-04:-71,5.0,1575157000
390.0,120.0,Eng2_04F-06:-79,Eng2_02F_A04:-79,Eng2_03F-05:-79,Eng2_06F-04:-71,5.0,1575157002
390.0,100.0,Eng2_04F-06:-79,Eng2_02F_A03:-83,Eng2_02F_A04:-78,Eng2_03F-05:-79,5.0,1575157004
420.0,100.0,Eng2_04F-06:-79,Eng2_02F_A03:-83,Eng2_02F_A04:-78,Eng2_03F-05:-79,5.0,1575157006
450.0,100.0,Eng2_04F-06:-79,Eng2_02F_A03:-83,Eng2_02F_A04:-84,Eng2_03F-05:-85,5.0,1575157008
480.0,100.0,Eng2_04F-06:-79,Eng2_02F_A03:-83,Eng2_02F_A04:-84,Eng2_03F-05:-81,5.0,1575157010
500.0,100.0,Eng2_04F-06:-79,Eng2_02F_A03:-83,Eng2_02F_A04:-84,Eng2_03F-05:-76,5.0,1575157012
530.0,100.0,Eng2_04F-06:-79,Eng2_02F_A03:-83,Eng2_02F_A04:-84,Eng2_03F-05:-76,5.0,1575157014
560.0,100.0,Eng2_04F-06:-79,Eng2_02F_A03:-79,Eng2_02F_A04:-84,Eng2_03F-05:-66,5.0,1575157016
560.0,120.0,Eng2_04F-06:-83,Eng2_02F_A03:-79,Eng2_02F_A04:-84,Eng2_03F-05:-66,5.0,1575157018
560.0,150.0,Eng2_04F-06:-83,Eng2_02F_A03:-85,Eng2_02F_A04:-84,Eng2_03F-05:-70,5.0,1575157020
560.0,170.0,Eng2_04F-06:-83,Eng2_02F_A03:-85,Eng2_02F_A04:-84,Eng2_03F-05:-70,5.0,1575157022
560.0,200.0,Eng2_04F-06:-83,Eng2_02F_A03:-85,Eng2_06F-06:-78,Eng2_03F-05:-64,5.0,1575157025
580.0,200.0,Eng2_04F-06:-83,Eng2_02F_A03:-85,Eng2_06F-06:-78,Eng2_03F-05:-64,5.0,1575157027
610.0,200.0,Eng2_04F-06:-83,Eng2_02F_A03:-85,Eng2_06F-06:-78,Eng2_03F-05:-78,5.0,1575157029
630.0,200.0,Eng2_04F-06:-83,Eng2_02F_A03:-85,Eng2_06F-06:-78,Eng2_03F-05:-78,5.0,1575157031
660.0,200.0,Eng2_04F-06:-83,Eng2_02F_A03:-85,Eng2_06F-06:-78,Eng2_03F-05:-77,5.0,1575157033
680.0,200.0,Eng2_04F-06:-83,Eng2_02F_A03:-85,Eng2_06F-06:-78,Eng2_05F-07:-68,5.0,1575157035
710.0,200.0,Eng2_04F-06:-83,Eng2_02F_A03:-85,Eng2_06F-06:-79,Eng2_05F-07:-68,5.0,1575157037
730.0,200.0,Eng2_04F-06:-83,Eng2_02F_A03:-85,Eng2_06F-06:-79,Eng2_05F-07:-74,5.0,1575157039
710.0,200.0,Eng2_04F-06:-83,Eng2_02F_A03:-85,Eng2_03F-08:-87,Eng2_06F-06:-76,5.0,1575157041
690.0,200.0,Eng2_04F-06:-83,Eng2_02F_A03:-85,Eng2_03F-08:-87,Eng2_06F-06:-76,5.0,1575157043
670.0,200.0,Eng2_04F-06:-83,Eng2_02F_A03:-85,Eng2_03F-08:-87,Eng2_06F-06:-78,5.0,1575157045
640.0,200.0,Eng2_04F-06:-83,Eng2_02F_A03:-85,Eng2_03F-08:-87,Eng2_06F-06:-78,5.0,1575157047
620.0,200.0,Eng2_04F-06:-83,Eng2_02F_A03:-89,Eng2_03F-08:-87,Eng2_06F-06:-82,5.0,1575157049
600.0,200.0,Eng2_04F-06:-83,Eng2_02F_A03:-89,Eng2_03F-08:-87,Eng2_06F-06:-82,5.0,1575157051
580.0,200.0,Eng2_04F-06:-83,Eng2_02F_A03:-89,Eng2_03F-08:-87,Eng2_06F-06:-82,5.0,1575157053
560.0,200.0,Eng2_04F-06:-83,Eng2_02F_A03:-89,Eng2_03F-08:-87,Eng2_06F-06:-82,5.0,1575157055
560.0,170.0,Eng2_04F-06:-83,Eng2_02F_A03:-82,Eng2_03F-08:-87,Eng2_06F-06:-82,5.0,1575157057
560.0,150.0,Eng2_04F-06:-83,Eng2_02F_A03:-82,Eng2_03F-08:-87,Eng2_06F-06:-82,5.0,1575157059
560.0,120.0,Eng2_04F-06:-83,Eng2_02F_A03:-86,Eng2_03F-08:-87,Eng2_06F-06:-82,5.0,1575157061
560.0,100.0,Eng2_04F-06:-83,Eng2_02F_A03:-86,Eng2_06F-06:-82,Eng2_03F-05:-87,5.0,1575157063
530.0,100.0,Eng2_04F-06:-83,Eng2_02F_A03:-94,Eng2_02F_A04:-85,Eng2_03F-05:-87,5.0,1575157065
500.0,100.0,Eng2_04F-06:-83,Eng2_02F_A03:-94,Eng2_02F_A04:-78,Eng2_03F-05:-87,5.0,1575157067
480.0,100.0,Eng2_04F-06:-83,Eng2_02F_A03:-94,Eng2_02F_A04:-78,Eng2_03F-05:-87,5.0,1575157069
450.0,100.0,Eng2_04F-06:-83,Eng2_02F_A03:-94,Eng2_02F_A04:-78,Eng2_03F-05:-87,5.0,1575157071
420.0,100.0,Eng2_04F-06:-83,Eng2_02F_A03:-94,Eng2_02F_A04:-79,Eng2_03F-05:-87,5.0,1575157073
390.0,100.0,Eng2_04F-06:-83,Eng2_02F_A03:-94,Eng2_02F_A04:-79,Eng2_03F-05:-87,5.0,1575157075
370.0,100.0,Eng2_04F-06:-83,Eng2_02F_A03:-94,Eng2_02F_A04:-79,Eng2_03F-05:-87,5.0,1575157077
340.0,100.0,Eng2_04F-06:-83,Eng2_02F_A03:-94,Eng2_02F_A04:-79,Eng2_03F-05:-87,5.0,1575157079
310.0,100.0,Eng2_04F-06:-83,Eng2_02F_A03:-94,Eng2_02F_A04:-79,Eng2_03F-04:-67,5.0,1575157081
280.0,100.0,Eng2_04F-06:-83,Eng2_02F_A03:-94,Eng2_02F_A04:-79,Eng2_03F-04:-67,5.0,1575157083
260.0,100.0,Eng2_04F-06:-83,Eng2_02F_A03:-94,Eng2_02F_A04:-79,Eng2_03F-04:-82,5.0,1575157085
230.0,100.0,Eng2_04F-06:-83,Eng2_02F_A04:-79,Eng2_03F-04:-82,Eng2_04F-05:-75,5.0,1575157087
200.0,100.0,Eng2_04F-06:-83,Eng2_02F_A04:-79,Eng2_03F-04:-74,Eng2_04F-05:-74,5.0,1575157089
170.0,100.0,Eng2_04F-06:-83,Eng2_02F_A04:-79,Eng2_03F-04:-74,Eng2_04F-05:-78,5.0,1575157091
170.0,130.0,Eng2_04F-06:-83,Eng2_03F-04:-74,Eng2_04F-05:-78,Eng2_03F-02:-69,5.0,1575157093
170.0,170.0,Eng2_04F-06:-83,Eng2_03F-04:-74,Eng2_04F-05:-78,Eng2_03F-02:-69,5.0,1575157095
150.0,170.0,Eng2_04F-06:-83,Eng2_03F-04:-74,Eng2_04F-05:-78,Eng2_03F-02:-69,5.0,1575157097
140.0,170.0,Eng2_04F-06:-83,Eng2_03F-04:-74,Eng2_04F-05:-78,Eng2_03F-02:-69,5.0,1575157099
140.0,200.0,Eng2_04F-06:-83,Eng2_03F-04:-74,Eng2_04F-05:-78,Eng2_03F-02:-69,5.0,1575157101
110.0,200.0,Eng2_04F-06:-83,Eng1_06F-01:-74,Eng2_03F-04:-74,Eng2_04F-05:-78,5.0,1575157103
90.0,200.0,Eng2_04F-06:-83,Head_04F_A02:-81,Eng1_06F-01:-74,Eng2_03F-04:-74,5.0,1575157105
70.0,200.0,Eng2_04F-06:-83,Head_04F_A02:-81,Eng1_06F-01:-74,Eng2_03F-04:-74,5.0,1575157107
40.0,200.0,Eng2_04F-06:-81,Head_04F_A02:-81,Eng1_06F-01:-74,Eng2_03F-04:-74,5.0,1575157109
20.0,200.0,Eng2_04F-06:-81,Head_04F_A02:-81,Eng1_06F-01:-74,Eng2_03F-04:-74,5.0,1575157111
40.0,200.0,Eng2_04F-06:-81,Head_04F_A02:-81,Eng1_06F-01:-74,Eng2_03F-04:-74,5.0,1575157113
60.0,200.0,Eng2_04F-06:-81,Head_04F_A02:-81,Eng1_06F-01:-74,Eng2_03F-04:-74,5.0,1575157115
80.0,200.0,Eng2_04F-06:-81,Head_04F_A02:-81,Eng1_06F-01:-74,Eng2_03F-04:-74,5.0,1575157117
100.0,200.0,Eng2_04F-06:-81,Head_04F_A02:-81,Eng1_06F-01:-74,Eng2_03F-04:-74,5.0,1575157119
120.0,200.0,Eng2_04F-06:-81,Head_04F_A02:-81,Eng1_06F-01:-77,Eng2_03F-04:-74,5.0,1575157121
140.0,200.0,Eng2_04F-06:-81,Head_04F_A02:-81,Eng1_06F-01:-77,Eng2_03F-04:-74,5.0,1575157123
110.0,200.0,Eng2_04F-06:-81,Head_04F_A02:-81,Eng1_06F-01:-77,Eng2_04F-05:-78,5.0,1575157125
90.0,200.0,Eng2_04F-06:-81,Head_04F_A02:-81,Eng1_06F-01:-77,Eng2_04F-05:-78,5.0,1575157127
70.0,200.0,Eng2_04F-06:-81,Head_04F_A02:-81,Eng1_06F-01:-77,Eng2_06F-02:-86,5.0,1575157129
40.0,200.0,Eng2_04F-06:-81,Head_04F_A02:-81,Eng1_06F-01:-77,Eng2_06F-02:-86,5.0,1575157131
20.0,200.0,Eng2_04F-06:-81,Head_04F_A02:-81,Eng1_06F-01:-77,Eng2_06F-02:-86,5.0,1575157133
40.0,200.0,Eng2_04F-06:-81,Head_04F_A02:-81,Eng1_06F-01:-77,Eng2_06F-02:-86,5.0,1575157135
60.0,200.0,Eng2_04F-06:-81,Head_04F_A02:-81,Eng1_06F-01:-77,Eng2_06F-02:-86,5.0,1575157137
80.0,200.0,Eng2_04F-06:-81,Head_04F_A02:-81,Eng1_06F-01:-77,Eng2_06F-02:-86,5.0,1575157139
100.0,200.0,Eng2_04F-06:-81,Head_04F_A02:-81,Eng1_06F-01:-77,Eng2_06F-02:-86,5.0,1575157141
120.0,200.0,Eng2_04F-06:-81,Head_04F_A02:-81,Eng1_06F-01:-77,Eng2_06F-02:-86,5.0,1575157143
140.0,200.0,Eng2_04F-06:-81,Head_04F_A02:-81,Eng1_06F-01:-77,Eng2_06F-02:-86,5.0,1575157145
140.0,170.0,Eng2_04F-06:-81,Head_04F_A02:-81,Eng1_06F-01:-77,Eng2_06F-02:-86,5.0,1575157147
140.0,150.0,Eng2_04F-06:-81,Eng1_06F-01:-77,Eng2_06F-02:-86,Eng2_03F-02:-80,5.0,1575157149
140.0,120.0,Eng2_04F-06:-81,Eng1_06F-01:-77,Eng2_04F-05:-76,Eng2_06F-02:-86,5.0,1575157151
140.0,100.0,Eng2_04F-06:-81,Eng2_03F-04:-85,Eng2_04F-05:-76,Eng2_06F-02:-86,5.0,1575157153
110.0,100.0,Eng2_04F-06:-81,Eng2_03F-04:-85,Eng2_04F-05:-76,Eng2_06F-02:-86,5.0,1575157155
90.0,100.0,Eng2_04F-06:-81,Eng2_03F-04:-85,Eng2_04F-05:-76,Eng2_06F-02:-86,5.0,1575157157
70.0,100.0,Eng2_04F-06:-81,Eng2_03F-04:-85,Eng2_04F-05:-82,Eng2_06F-02:-86,5.0,1575157159
40.0,100.0,Eng2_04F-06:-81,Eng2_03F-04:-83,Eng2_04F-05:-82,Eng2_03F-02:-85,5.0,1575157161
20.0,100.0,Eng2_04F-06:-81,Eng2_03F-04:-83,Eng2_04F-05:-82,Eng2_03F-02:-85,5.0,1575157163
40.0,100.0,Eng2_04F-06:-81,Eng2_03F-04:-82,Eng2_04F-05:-82,Eng2_03F-02:-76,5.0,1575157166
70.0,100.0,Eng2_04F-06:-81,Eng2_03F-04:-82,Eng2_04F-05:-82,Eng2_03F-02:-76,5.0,1575157168
90.0,100.0,Eng2_04F-06:-81,Eng2_03F-04:-82,Eng2_04F-05:-75,Eng2_03F-02:-76,5.0,1575157170
110.0,100.0,Eng2_04F-06:-81,Eng2_03F-04:-76,Eng2_04F-05:-65,Eng2_03F-02:-78,5.0,1575157172
140.0,100.0,Eng2_04F-06:-81,Eng2_03F-04:-76,Eng2_04F-05:-80,Eng2_03F-02:-87,5.0,1575157174
110.0,100.0,Eng2_04F-06:-81,Eng2_03F-04:-76,Eng2_04F-05:-80,Eng2_03F-02:-87,5.0,1575157176
90.0,100.0,Eng2_04F-06:-81,Eng2_03F-04:-76,Eng2_04F-05:-80,Eng2_03F-02:-87,5.0,1575157178
70.0,100.0,Eng2_04F-06:-81,Eng2_03F-04:-76,Eng2_04F-05:-80,Eng2_03F-02:-87,5.0,1575157180
40.0,100.0,Eng2_04F-06:-81,Eng2_03F-04:-76,Eng2_04F-05:-80,Eng2_03F-02:-87,5.0,1575157182
20.0,100.0,Eng2_04F-06:-81,Eng2_03F-04:-76,Eng2_04F-05:-80,Eng2_03F-02:-85,5.0,1575157184
40.0,100.0,Eng2_04F-06:-81,Out_AP13:-92,Eng2_03F-04:-76,Eng2_04F-05:-80,5.0,1575157186
70.0,100.0,Eng2_04F-06:-81,Out_AP13:-92,Eng2_03F-04:-76,Eng2_04F-05:-80,5.0,1575157188
90.0,100.0,Eng2_04F-06:-81,Out_AP13:-92,Eng2_03F-04:-76,Eng2_04F-05:-80,5.0,1575157190
110.0,100.0,Eng2_04F-06:-81,Out_AP13:-92,Eng2_03F-04:-76,Eng2_04F-05:-80,5.0,1575157192
140.0,100.0,Eng2_04F-06:-81,Out_AP13:-92,Eng2_03F-04:-76,Eng2_04F-05:-80,5.0,1575157194
140.0,120.0,Eng2_04F-06:-81,Out_AP13:-92,Eng2_03F-04:-76,Eng2_04F-05:-80,5.0,1575157196
140.0,150.0,Eng2_04F-06:-81,Out_AP13:-92,Eng2_03F-04:-76,Eng2_04F-05:-80,5.0,1575157198
140.0,170.0,Eng2_04F-06:-80,Out_AP13:-92,Eng2_03F-04:-76,Eng2_04F-05:-80,5.0,1575157200
170.0,170.0,Eng2_04F-06:-80,Out_AP13:-92,Eng2_03F-04:-84,Eng2_04F-05:-83,5.0,1575157202
170.0,150.0,Eng2_04F-06:-80,Out_AP13:-92,Eng2_03F-04:-84,Eng2_04F-05:-83,5.0,1575157204
170.0,120.0,Eng2_04F-06:-80,Out_AP13:-92,Eng2_03F-04:-70,Eng2_04F-05:-83,5.0,1575157206
170.0,100.0,Eng2_04F-06:-80,Out_AP13:-92,Eng2_03F-04:-80,Eng2_04F-05:-83,5.0,1575157208
200.0,100.0,Eng2_04F-06:-80,Out_AP13:-92,Eng2_03F-04:-71,Eng2_04F-05:-68,5.0,1575157210
220.0,100.0,Eng2_04F-06:-80,Out_AP13:-92,Eng2_03F-04:-71,Eng2_04F-05:-68,5.0,1575157212
250.0,100.0,Eng2_04F-06:-80,Out_AP13:-92,Eng2_03F-04:-68,Eng2_04F-05:-74,5.0,1575157214
270.0,100.0,Eng2_04F-06:-80,Out_AP13:-92,Eng2_03F-04:-68,Eng2_04F-05:-74,5.0,1575157216
300.0,100.0,Eng2_04F-06:-80,Eng2_03F-04:-74,Eng2_04F-05:-73,Eng2_03F-02:-80,5.0,1575157218
320.0,100.0,Eng2_04F-06:-80,Eng2_02F_A04:-82,Eng2_03F-04:-74,Eng2_04F-05:-73,5.0,1575157220
340.0,100.0,Eng2_04F-06:-80,Eng2_02F_A04:-82,Eng2_03F-04:-80,Eng2_04F-05:-62,5.0,1575157222
370.0,100.0,Eng2_04F-06:-80,Eng2_02F_A03:-82,Eng2_02F_A04:-83,Eng2_03F-04:-80,5.0,1575157224
390.0,100.0,Eng2_04F-06:-80,Eng2_02F_A03:-82,Eng2_02F_A04:-83,Eng2_03F-08:-88,5.0,1575157226
420.0,100.0,Eng2_04F-06:-80,Eng2_02F_A03:-82,Eng2_02F_A04:-86,Eng2_03F-08:-88,5.0,1575157228
450.0,100.0,Eng2_04F-06:-80,Eng2_02F_A03:-82,Eng2_02F_A04:-86,Eng2_03F-08:-88,5.0,1575157230
480.0,100.0,Eng2_04F-06:-80,Eng2_02F_A03:-82,Eng2_02F_A04:-86,Eng2_03F-08:-88,5.0,1575157232
510.0,100.0,Eng2_04F-06:-80,Eng2_02F_A03:-82,Eng2_02F_A04:-86,Eng2_03F-08:-88,5.0,1575157234
530.0,100.0,Eng2_04F-06:-80,Eng2_02F_A03:-82,Eng2_02F_A04:-86,Eng2_03F-08:-88,5.0,1575157236
560.0,100.0,Eng2_04F-06:-80,Eng2_02F_A03:-83,Eng2_02F_A04:-86,Eng2_03F-08:-88,5.0,1575157238
590.0,100.0,Eng2_04F-06:-80,Eng2_02F_A03:-83,Eng2_02F_A04:-86,Eng2_03F-08:-88,5.0,1575157240
620.0,100.0,Eng2_04F-06:-80,Eng2_02F_A03:-86,Eng2_02F_A04:-86,Eng2_03F-08:-88,5.0,1575157242
650.0,100.0,Eng2_04F-06:-80,Eng2_02F_A03:-86,Eng2_02F_A04:-86,Eng2_03F-08:-88,5.0,1575157244
670.0,100.0,Eng2_04F-06:-80,Eng2_02F_A03:-86,Eng2_02F_A04:-86,Eng2_03F-08:-79,5.0,1575157246
700.0,100.0,Eng2_04F-06:-80,Eng2_02F_A03:-86,Eng2_03F-08:-79,Eng2_06F-07:-78,5.0,1575157248
730.0,100.0,Eng2_04F-06:-80,Eng2_02F_A03:-86,Eng2_03F-08:-75,Eng2_06F-07:-78,5.0,1575157250
710.0,100.0,Eng2_04F-06:-80,Eng2_02F_A03:-86,Eng2_03F-08:-75,Eng2_06F-07:-78,5.0,1575157252
690.0,100.0,Eng2_04F-06:-80,Eng2_02F_A03:-86,Eng2_03F-08:-87,Eng2_06F-07:-78,5.0,1575157254
670.0,100.0,Eng2_04F-06:-80,Eng2_02F_A03:-86,Eng2_03F-08:-88,Eng2_06F-07:-78,5.0,1575157256
640.0,100.0,Eng2_04F-06:-80,Eng2_02F_A03:-86,Eng2_03F-08:-88,Eng2_06F-07:-78,5.0,1575157258
620.0,100.0,Eng2_04F-06:-80,Eng2_02F_A03:-86,Eng2_03F-08:-88,Eng2_06F-07:-78,5.0,1575157260
600.0,100.0,Eng2_04F-06:-80,Eng2_02F_A03:-79,Eng2_03F-08:-88,Eng2_06F-07:-78,5.0,1575157262
580.0,100.0,Eng2_04F-06:-80,Eng2_02F_A03:-79,Eng2_03F-08:-88,Eng2_06F-07:-78,5.0,1575157264
560.0,100.0,Eng2_04F-06:-80,Eng2_02F_A03:-79,Eng2_03F-08:-88,Eng2_06F-07:-78,5.0,1575157266
530.0,100.0,Eng2_04F-06:-80,Eng2_02F_A03:-79,Eng2_02F_A04:-84,Eng2_03F-05:-82,5.0,1575157268
500.0,100.0,Eng2_04F-06:-80,Eng2_02F_A03:-79,Eng2_02F_A04:-84,Eng2_03F-05:-82,5.0,1575157270
480.0,100.0,Eng2_04F-06:-80,Eng2_02F_A03:-79,Eng2_02F_A04:-80,Eng2_03F-05:-82,5.0,1575157272
450.0,100.0,Eng2_04F-06:-80,Eng2_02F_A03:-79,Eng2_02F_A04:-80,Eng2_03F-05:-82,5.0,1575157274
420.0,100.0,Eng2_04F-06:-80,Eng2_02F_A03:-79,Eng2_02F_A04:-81,Eng2_03F-04:-62,5.0,1575157276
390.0,100.0,Eng2_04F-06:-80,Eng2_02F_A03:-79,Eng2_02F_A04:-81,Eng2_06F-04:-75,5.0,1575157278
390.0,120.0,Eng2_04F-06:-80,Eng2_02F_A03:-79,Eng2_02F_A04:-84,Eng2_06F-04:-75,5.0,1575157280
390.0,150.0,Eng2_04F-06:-80,Eng2_02F_A03:-79,Eng2_02F_A04:-84,Eng2_06F-04:-84,5.0,1575157282
390.0,170.0,Eng2_04F-06:-80,Eng2_02F_A04:-84,Eng2_03F-05:-74,Eng2_06F-04:-84,5.0,1575157284
390.0,200.0,Eng2_04F-06:-80,Eng2_02F_A04:-84,Eng2_03F-05:-74,Eng2_06F-04:-84,5.0,1575157286
420.0,200.0,Eng2_04F-06:-72,Eng2_02F_A04:-84,Eng2_03F-05:-64,Eng2_06F-04:-84,5.0,1575157288
450.0,200.0,Eng2_04F-06:-72,Eng2_02F_A04:-84,Eng2_03F-05:-64,Eng2_06F-04:-84,5.0,1575157290
480.0,200.0,Eng2_04F-06:-72,Eng2_02F_A04:-84,Eng2_03F-05:-67,Eng2_06F-04:-84,5.0,1575157292
500.0,200.0,Eng2_04F-06:-72,Eng2_02F_A04:-84,Eng2_06F-06:-83,Eng2_03F-05:-67,5.0,1575157294
530.0,200.0,Eng2_04F-06:-72,Eng2_02F_A04:-84,Eng2_06F-06:-83,Eng2_05F-07:-82,5.0,1575157296
560.0,200.0,Eng2_04F-06:-72,Eng2_02F_A04:-84,Eng2_06F-06:-83,Eng2_05F-07:-82,5.0,1575157299
560.0,170.0,Eng2_04F-06:-72,Eng2_02F_A03:-81,Eng2_02F_A04:-84,Eng2_06F-06:-83,5.0,1575157301
560.0,150.0,Eng2_04F-06:-72,Eng2_02F_A03:-79,Eng2_02F_A04:-84,Eng2_06F-06:-83,5.0,1575157303
560.0,120.0,Eng2_04F-06:-72,Eng2_02F_A03:-79,Eng2_02F_A04:-84,Eng2_06F-06:-83,5.0,1575157305
560.0,100.0,Eng2_04F-06:-72,Eng2_02F_A03:-79,Eng2_06F-06:-83,Eng2_05F-07:-82,5.0,1575157307
530.0,100.0,Eng2_04F-06:-72,Eng2_02F_A03:-79,Eng2_06F-06:-83,Eng2_05F-07:-82,5.0,1575157309
510.0,100.0,Eng2_04F-06:-72,Eng2_02F_A03:-85,Eng2_02F_A04:-88,Eng2_06F-06:-83,5.0,1575157311
480.0,100.0,Eng2_04F-06:-72,Eng2_02F_A03:-85,Eng2_02F_A04:-81,Eng2_06F-06:-83,5.0,1575157313
460.0,100.0,Eng2_04F-06:-72,Eng2_02F_A03:-85,Eng2_02F_A04:-81,Eng2_05F-07:-82,5.0,1575157315
430.0,100.0,Eng2_04F-06:-72,Eng2_02F_A03:-85,Eng2_02F_A04:-70,Eng2_03F-05:-71,5.0,1575157317
410.0,100.0,Eng2_04F-06:-72,Eng2_02F_A03:-85,Eng2_02F_A04:-70,Eng2_03F-05:-71,5.0,1575157319
380.0,100.0,Eng2_04F-06:-72,Eng2_02F_A03:-85,Eng2_02F_A04:-83,Eng2_03F-05:-71,5.0,1575157321
350.0,100.0,Eng2_04F-06:-72,Eng2_02F_A03:-85,Eng2_02F_A04:-83,Eng2_03F-05:-71,5.0,1575157323
330.0,100.0,Eng2_04F-06:-72,Eng2_02F_A03:-85,Eng2_02F_A04:-83,Eng2_03F-05:-71,5.0,1575157325
300.0,100.0,Eng2_04F-06:-72,Eng2_02F_A03:-85,Eng2_02F_A04:-83,Eng2_03F-05:-71,5.0,1575157327
280.0,100.0,Eng2_04F-06:-72,Eng2_02F_A03:-85,Eng2_02F_A04:-83,Eng2_03F-05:-71,5.0,1575157329
250.0,100.0,Eng2_04F-06:-72,Eng2_02F_A03:-85,Eng2_02F_A04:-83,Eng2_03F-04:-76,5.0,1575157331
220.0,100.0,Eng2_04F-06:-72,Eng2_02F_A03:-85,Eng2_02F_A04:-83,Eng2_03F-04:-76,5.0,1575157333
200.0,100.0,Eng2_04F-06:-72,Eng2_02F_A03:-85,Eng2_02F_A04:-83,Eng2_03F-04:-79,5.0,1575157335
170.0,100.0,Eng2_04F-06:-72,Eng2_02F_A04:-83,Eng2_03F-04:-79,Eng2_04F-05:-78,5.0,1575157337
170.0,120.0,Eng2_04F-06:-72,Eng2_02F_A04:-83,Eng2_03F-04:-79,Eng2_04F-05:-78,5.0,1575157339
170.0,150.0,Eng2_04F-06:-72,Eng2_02F_A04:-83,Eng2_03F-04:-79,Eng2_04F-05:-78,5.0,1575157341
170.0,170.0,Eng2_04F-06:-72,Eng1_06F-01:-67,Eng2_03F-04:-79,Eng2_04F-05:-78,5.0,1575157343
170.0,200.0,Eng2_04F-06:-72,Eng1_06F-01:-67,Eng2_03F-04:-79,Eng2_04F-05:-86,5.0,1575157345
200.0,200.0,Eng2_04F-06:-72,Eng1_06F-01:-67,Eng2_06F-04:-77,Eng2_03F-04:-90,5.0,1575157347
230.0,200.0,Eng2_04F-06:-72,Eng1_06F-01:-67,Eng2_06F-04:-77,Eng2_03F-04:-90,5.0,1575157349
260.0,200.0,Eng2_04F-06:-72,Eng1_06F-01:-67,Eng2_06F-04:-77,Eng2_03F-04:-90,5.0,1575157351
280.0,200.0,Eng2_04F-06:-72,Eng1_06F-01:-67,Eng2_06F-04:-77,Eng2_03F-04:-90,5.0,1575157353
310.0,200.0,Eng2_04F-06:-72,Eng1_06F-01:-67,Eng2_06F-04:-77,Eng2_03F-04:-90,5.0,1575157355
340.0,200.0,Eng2_04F-06:-72,Eng2_02F_A04:-87,Eng2_03F-05:-81,Eng2_03F-04:-90,5.0,1575157357
370.0,200.0,Eng2_04F-06:-72,Eng2_02F_A04:-87,Eng2_03F-05:-81,Eng2_03F-04:-79,5.0,1575157359
390.0,200.0,Eng2_04F-06:-72,Eng2_02F_A04:-81,Eng2_03F-05:-91,Eng2_03F-04:-72,5.0,1575157361
390.0,200.0,Eng2_04F-06:-72,Eng2_02F_A04:-81,Eng2_03F-05:-91,Eng2_03F-04:-65,5.0,1575157363
390.0,160.0,Eng2_04F-06:-72,Eng2_02F_A04:-80,Eng2_03F-05:-91,Eng2_03F-04:-73,5.0,1575157365
390.0,130.0,Eng2_04F-06:-72,Eng2_02F_A04:-80,Eng2_03F-05:-91,Eng2_03F-04:-70,5.0,1575157367
390.0,100.0,Eng2_04F-06:-72,Eng2_02F_A04:-80,Eng2_03F-05:-91,Eng2_03F-04:-70,5.0,1575157369
420.0,100.0,Eng2_04F-06:-72,Eng2_02F_A04:-80,Eng2_03F-05:-91,Eng2_03F-04:-73,5.0,1575157371
450.0,100.0,Eng2_04F-06:-72,Eng2_02F_A04:-80,Eng2_03F-05:-84,Eng2_03F-04:-73,5.0,1575157373
470.0,100.0,Eng2_04F-06:-72,Eng2_02F_A03:-83,Eng2_02F_A04:-80,Eng2_03F-05:-84,5.0,1575157375
500.0,100.0,Eng2_04F-06:-72,Eng2_02F_A03:-83,Eng2_02F_A04:-80,Eng2_03F-05:-65,5.0,1575157377
520.0,100.0,Eng2_04F-06:-77,Eng2_02F_A03:-84,Eng2_03F-05:-65,Eng2_03F-04:-81,5.0,1575157379
550.0,100.0,Eng2_04F-06:-77,Eng2_02F_A03:-84,Eng2_03F-05:-80,Eng2_03F-04:-81,5.0,1575157381
570.0,100.0,Eng2_04F-06:-77,Eng2_02F_A03:-84,Eng2_03F-05:-80,Eng2_03F-04:-84,5.0,1575157383
600.0,100.0,Eng2_04F-06:-77,Eng2_02F_A03:-85,Eng2_06F-07:-85,Eng2_07F-06:-81,5.0,1575157385
630.0,100.0,Eng2_04F-06:-77,Eng2_02F_A03:-85,Eng2_03F-08:-87,Eng2_06F-07:-85,5.0,1575157387
650.0,100.0,Eng2_04F-06:-77,Eng2_02F_A03:-85,Eng2_03F-08:-87,Eng2_06F-07:-83,5.0,1575157389
680.0,100.0,Eng2_04F-06:-77,Eng2_02F_A03:-87,Eng2_03F-08:-79,Eng2_06F-07:-83,5.0,1575157391
700.0,100.0,Eng2_04F-06:-77,Eng2_02F_A03:-87,Eng2_03F-08:-79,Eng2_06F-07:-83,5.0,1575157393
730.0,100.0,Eng2_04F-06:-77,Eng2_02F_A03:-87,Eng2_03F-08:-81,Eng2_06F-07:-83,5.0,1575157395
700.0,100.0,Eng2_04F-06:-77,Eng2_02F_A03:-87,Eng2_03F-08:-81,Eng2_06F-07:-80,5.0,1575157397
680.0,100.0,Eng2_04F-06:-77,Eng2_02F_A03:-83,Eng2_03F-08:-81,Eng2_06F-07:-80,5.0,1575157399
650.0,100.0,Eng2_04F-06:-77,Eng2_02F_A03:-83,Eng2_03F-08:-86,Eng2_06F-07:-80,5.0,1575157401
630.0,100.0,Eng2_04F-06:-77,Eng2_02F_A03:-83,Eng2_03F-08:-86,Eng2_06F-07:-80,5.0,1575157403
600.0,100.0,Eng2_04F-06:-77,Eng2_02F_A03:-82,Eng2_03F-08:-86,Eng2_06F-07:-80,5.0,1575157405
570.0,100.0,Eng2_04F-06:-77,Eng2_02F_A03:-82,Eng2_03F-08:-86,Eng2_06F-07:-80,5.0,1575157407
550.0,100.0,Eng2_04F-06:-77,Eng2_02F_A03:-82,Eng2_03F-08:-86,Eng2_06F-07:-80,5.0,1575157409
520.0,100.0,Eng2_04F-06:-77,Eng2_02F_A03:-79,Eng2_03F-08:-86,Eng2_05F-07:-83,5.0,1575157411
500.0,100.0,Eng2_04F-06:-77,Eng2_02F_A03:-79,Eng2_03F-08:-86,Eng2_05F-07:-83,5.0,1575157413
470.0,100.0,Eng2_04F-06:-77,Eng2_02F_A03:-79,Eng2_03F-08:-86,Eng2_03F-05:-88,5.0,1575157415
450.0,100.0,Eng2_04F-06:-77,Eng2_02F_A03:-79,Eng2_02F_A04:-74,Eng2_03F-08:-86,5.0,1575157417
420.0,100.0,Eng2_04F-06:-77,Eng2_02F_A03:-79,Eng2_02F_A04:-74,Eng2_03F-08:-86,5.0,1575157419
390.0,100.0,Eng2_04F-06:-77,Eng2_02F_A03:-79,Eng2_02F_A04:-74,Eng2_03F-05:-88,5.0,1575157421
390.0,120.0,Eng2_04F-06:-77,Eng2_02F_A03:-79,Eng2_02F_A04:-74,Eng2_03F-05:-88,5.0,1575157423
390.0,150.0,Eng2_04F-06:-77,Eng2_02F_A03:-79,Eng2_02F_A04:-74,Eng2_03F-05:-88,5.0,1575157425
390.0,170.0,Eng2_04F-06:-77,Eng2_02F_A04:-74,Eng2_03F-05:-88,Eng2_06F-04:-79,5.0,1575157427
390.0,200.0,Eng2_04F-06:-77,Eng2_02F_A04:-74,Eng2_03F-05:-88,Eng2_06F-04:-79,5.0,1575157429
420.0,200.0,Eng2_04F-06:-77,Eng2_02F_A04:-74,Eng2_06F-04:-76,Eng2_03F-04:-84,5.0,1575157431
450.0,200.0,Eng2_04F-06:-77,Eng2_05F-07:-83,Eng2_03F-05:-59,Eng2_06F-04:-76,5.0,1575157433
470.0,200.0,Eng2_04F-06:-77,Eng2_06F-06:-75,Eng2_05F-07:-83,Eng2_03F-05:-59,5.0,1575157435
500.0,200.0,Eng2_04F-06:-77,Eng1_01F_A21:-89,Eng2_06F-06:-75,Eng2_05F-07:-81,5.0,1575157437
520.0,200.0,Eng2_04F-06:-77,Eng2_02F_A03:-72,Eng1_01F_A21:-89,Eng2_03F-08:-89,5.0,1575157439
550.0,200.0,Eng2_04F-06:-77,Eng2_02F_A03:-72,Eng1_01F_A21:-89,Eng2_03F-08:-89,5.0,1575157442
570.0,200.0,Eng2_04F-06:-77,Eng2_02F_A03:-86,Eng1_01F_A21:-89,Eng2_03F-08:-89,5.0,1575157444
600.0,200.0,Eng2_04F-06:-77,Eng2_02F_A03:-86,Eng1_01F_A21:-89,Eng2_03F-08:-89,5.0,1575157446
630.0,200.0,Eng2_04F-06:-77,Eng2_02F_A03:-86,Eng2_03F-08:-84,Eng2_06F-06:-63,5.0,1575157448
650.0,200.0,Eng2_04F-06:-77,Eng2_02F_A03:-86,Eng2_03F-08:-84,Eng2_06F-06:-63,5.0,1575157450
680.0,200.0,Eng2_04F-06:-77,Eng2_02F_A03:-86,Eng2_03F-08:-86,Eng2_06F-06:-69,5.0,1575157452
700.0,200.0,Eng2_04F-06:-77,Eng2_02F_A03:-86,Eng2_03F-08:-86,Eng2_06F-06:-69,5.0,1575157454
730.0,200.0,Eng2_04F-06:-77,Eng2_02F_A03:-86,Eng2_03F-08:-84,Eng2_06F-06:-77,5.0,1575157456
710.0,200.0,Eng2_04F-06:-77,Eng2_02F_A03:-86,Eng2_03F-08:-84,Eng2_06F-06:-77,5.0,1575157458
680.0,200.0,Eng2_04F-06:-77,Eng2_02F_A03:-86,Eng2_03F-08:-85,Eng2_06F-06:-70,5.0,1575157460
660.0,200.0,Eng2_04F-06:-77,Eng2_02F_A03:-86,Eng2_03F-08:-85,Eng2_06F-06:-70,5.0,1575157462
630.0,200.0,Eng2_04F-06:-77,Eng2_02F_A03:-86,Eng2_03F-08:-85,Eng2_06F-06:-76,5.0,1575157464
610.0,200.0,Eng2_04F-06:-77,Eng2_02F_A03:-86,Eng2_03F-08:-85,Eng2_06F-06:-76,5.0,1575157466
580.0,200.0,Eng2_04F-06:-77,Eng2_02F_A03:-86,Eng2_03F-08:-85,Eng2_06F-06:-76,5.0,1575157468
560.0,200.0,Eng2_04F-06:-80,Eng2_02F_A03:-86,Eng2_03F-08:-85,Eng2_06F-06:-76,5.0,1575157470
540.0,200.0,Eng2_04F-06:-80,Eng2_02F_A03:-84,Eng2_03F-08:-85,Eng2_06F-06:-76,5.0,1575157472
510.0,200.0,Eng2_04F-06:-80,Eng2_02F_A03:-84,Eng2_03F-08:-85,Eng2_06F-06:-76,5.0,1575157474
490.0,200.0,Eng2_04F-06:-80,Eng2_02F_A03:-84,Eng2_03F-08:-85,Eng2_06F-06:-76,5.0,1575157476
460.0,200.0,Eng2_04F-06:-80,Eng2_02F_A03:-84,Eng1_01F_A21:-85,Eng2_03F-08:-85,5.0,1575157478
440.0,200.0,Eng2_04F-06:-80,Eng2_02F_A03:-84,Eng1_01F_A21:-85,Eng2_03F-08:-85,5.0,1575157480
420.0,200.0,Eng2_04F-06:-80,Eng2_02F_A03:-84,Eng1_01F_A21:-85,Eng2_02F_A04:-85,5.0,1575157482
390.0,200.0,Eng2_04F-06:-80,Eng2_02F_A03:-84,Eng1_01F_A21:-85,Eng2_02F_A04:-85,5.0,1575157484
370.0,200.0,Eng2_04F-06:-80,Eng2_02F_A03:-84,Eng1_01F_A21:-85,Eng2_02F_A04:-85,5.0,1575157486
340.0,200.0,Eng2_04F-06:-80,Eng2_02F_A03:-84,Eng1_01F_A21:-85,Eng2_02F_A04:-85,5.0,1575157488
310.0,200.0,Eng2_04F-06:-80,Eng1_01F_A21:-85,Eng2_02F_A04:-85,Eng2_03F-05:-73,5.0,1575157490
280.0,200.0,Eng2_04F-06:-80,Eng1_01F_A21:-85,Eng2_02F_A04:-85,Eng2_03F-05:-73,5.0,1575157492
260.0,200.0,Eng2_04F-06:-80,Eng1_01F_A21:-85,Eng2_02F_A04:-85,Eng2_03F-05:-73,5.0,1575157494
230.0,200.0,Eng2_04F-06:-80,Eng1_01F_A21:-85,Eng2_02F_A04:-85,Eng2_03F-05:-73,5.0,1575157496
200.0,200.0,Eng2_04F-06:-80,Eng2_02F_A04:-85,Eng2_03F-05:-73,Eng2_03F-04:-83,5.0,1575157498
170.0,200.0,Eng2_04F-06:-80,Eng2_02F_A04:-85,Eng2_03F-05:-73,Eng2_03F-04:-83,5.0,1575157500
170.0,170.0,Eng2_04F-06:-80,Eng2_02F_A04:-85,Eng2_03F-05:-73,Eng2_03F-04:-83,5.0,1575157502
150.0,170.0,Eng2_04F-06:-80,Eng2_02F_A04:-85,Eng2_03F-05:-73,Eng2_03F-04:-83,5.0,1575157504
140.0,170.0,Eng2_04F-06:-80,Eng2_02F_A04:-85,Eng2_03F-05:-73,Eng2_03F-04:-83,5.0,1575157506
140.0,150.0,Eng2_04F-06:-80,Eng2_02F_A04:-85,Eng2_03F-05:-73,Eng2_03F-04:-83,5.0,1575157508
140.0,120.0,Eng2_04F-06:-80,Eng2_03F-05:-73,Eng2_03F-04:-82,108-5F-05:-90,5.0,1575157510
140.0,100.0,Eng2_04F-06:-80,Eng2_03F-05:-73,Eng2_03F-04:-82,Eng2_04F-05:-79,5.0,1575157512
110.0,100.0,Eng2_04F-06:-80,Eng2_03F-05:-73,Eng2_03F-04:-82,Eng2_04F-05:-79,5.0,1575157514
90.0,100.0,Eng2_04F-06:-80,Eng2_03F-05:-73,Eng2_03F-04:-82,Eng2_04F-05:-79,5.0,1575157516
70.0,100.0,Eng2_04F-06:-80,Eng2_03F-05:-73,Eng2_03F-04:-82,Eng2_04F-05:-79,5.0,1575157518
40.0,100.0,Eng2_04F-06:-80,Eng2_03F-04:-82,Eng2_04F-05:-81,108-5F-05:-90,5.0,1575157520
20.0,100.0,Eng2_04F-06:-80,Eng2_03F-04:-76,Eng2_04F-05:-83,108-5F-05:-90,5.0,1575157522
50.0,100.0,Eng2_04F-06:-80,Eng2_03F-04:-76,Eng2_04F-05:-83,108-5F-05:-90,5.0,1575157524
80.0,100.0,Eng2_04F-06:-80,Eng2_03F-04:-76,Eng2_04F-05:-83,108-5F-05:-90,5.0,1575157526
110.0,100.0,Eng2_04F-06:-80,Eng2_03F-04:-76,Eng2_04F-05:-78,108-5F-05:-90,5.0,1575157528
140.0,100.0,Eng2_04F-06:-80,Eng2_03F-04:-76,Eng2_04F-05:-78,108-5F-05:-90,5.0,1575157530
140.0,120.0,Eng2_04F-06:-80,Eng2_03F-04:-84,Eng2_04F-05:-89,108-5F-05:-90,5.0,1575157532
140.0,150.0,Eng2_04F-06:-80,Eng2_03F-04:-84,Eng2_04F-05:-89,108-5F-05:-90,5.0,1575157534
140.0,170.0,Eng2_04F-06:-80,Eng2_03F-04:-84,Eng2_04F-05:-89,108-5F-05:-90,5.0,1575157536
140.0,200.0,Eng2_04F-06:-80,Eng2_03F-04:-84,Eng2_04F-05:-89,108-5F-05:-90,5.0,1575157538
110.0,200.0,Eng2_04F-06:-80,Eng2_03F-04:-84,Eng2_04F-05:-89,108-5F-05:-90,5.0,1575157540
90.0,200.0,Eng2_04F-06:-80,Eng2_03F-04:-84,Eng2_04F-05:-89,108-5F-05:-90,5.0,1575157542
70.0,200.0,Eng2_04F-06:-80,Eng2_03F-04:-84,Eng2_04F-05:-89,108-5F-05:-90,5.0,1575157544
40.0,200.0,Eng2_04F-06:-80,Eng2_03F-04:-84,Eng2_04F-05:-89,Eng2_03F-02:-72,5.0,1575157546
20.0,200.0,Eng2_04F-06:-80,Eng2_03F-04:-84,Eng2_04F-05:-89,Eng2_03F-02:-72,5.0,1575157548
40.0,200.0,Eng2_04F-06:-80,Eng2_03F-04:-84,Eng2_04F-05:-89,Eng2_03F-02:-72,5.0,1575157550
70.0,200.0,Eng2_04F-06:-80,Eng2_03F-04:-84,Eng2_04F-05:-89,Eng2_03F-02:-72,5.0,1575157552
90.0,200.0,Eng2_04F-06:-80,Eng2_03F-04:-84,Eng2_04F-05:-89,Eng2_03F-02:-72,5.0,1575157554
110.0,200.0,Eng2_04F-06:-80,Eng2_03F-04:-84,Eng2_04F-05:-89,Eng2_03F-02:-72,5.0,1575157556
140.0,200.0,Eng2_04F-06:-85,Eng2_03F-04:-84,Eng2_04F-05:-89,Eng2_03F-02:-72,5.0,1575157558
140.0,180.0,Eng2_04F-06:-85,Eng2_03F-04:-84,Eng2_04F-05:-89,Eng2_03F-02:-72,5.0,1575157560
140.0,170.0,Eng2_04F-06:-85,Eng2_03F-04:-84,Eng2_04F-05:-89,Eng2_03F-02:-72,5.0,1575157562
150.0,170.0,Eng2_04F-06:-85,Eng2_03F-04:-82,Eng2_04F-05:-89,Eng2_03F-02:-72,5.0,1575157564
170.0,170.0,Eng2_04F-06:-85,Eng2_03F-04:-82,Eng2_04F-05:-89,Eng2_03F-02:-72,5.0,1575157566
170.0,200.0,Eng2_04F-06:-85,Eng2_03F-04:-82,Eng2_04F-05:-89,Eng2_03F-02:-72,5.0,1575157568
200.0,200.0,Eng2_04F-06:-85,Eng2_03F-04:-82,Eng2_04F-05:-89,Eng2_03F-02:-72,5.0,1575157570
220.0,200.0,Eng2_04F-06:-85,Eng2_03F-04:-82,Eng2_04F-05:-89,Eng2_03F-02:-72,5.0,1575157572
250.0,200.0,Eng2_04F-06:-85,Eng2_06F-04:-80,Eng2_03F-04:-82,Eng2_03F-02:-72,5.0,1575157574
270.0,200.0,Eng2_04F-06:-85,Eng2_06F-04:-80,Eng2_03F-04:-82,Eng2_03F-02:-72,5.0,1575157576
300.0,200.0,Eng2_04F-06:-85,Eng1_01F_A21:-90,Eng2_03F-05:-76,Eng2_06F-04:-78,5.0,1575157578
320.0,200.0,Eng2_04F-06:-85,Eng1_01F_A21:-90,Eng2_03F-05:-76,Eng2_06F-04:-78,5.0,1575157580
340.0,200.0,Eng2_04F-06:-85,Eng1_01F_A21:-90,Eng2_03F-05:-79,Eng2_06F-04:-78,5.0,1575157582
370.0,200.0,Eng2_04F-06:-85,Eng1_01F_A21:-90,Eng2_03F-05:-79,Eng2_06F-04:-78,5.0,1575157584
390.0,200.0,Eng2_04F-06:-85,Eng1_01F_A21:-88,Eng2_03F-05:-83,Eng2_06F-04:-74,5.0,1575157586
390.0,100.0,Eng2_04F-04:-71,Eng2_02F_A03:-84,Eng2_02F_A04:-70,Eng2_01F_A01:-73,5,1575160409
420.0,100.0,Eng2_04F-04:-71,Eng2_02F_A03:-84,Eng2_02F_A04:-70,Eng2_01F_A01:-73,5,1575160411
440.0,100.0,Eng2_04F-04:-71,Eng2_02F_A03:-84,Eng2_02F_A04:-77,Eng2_01F_A01:-73,5,1575160413
460.0,100.0,Eng2_04F-04:-71,Eng2_02F_A03:-84,Eng2_02F_A04:-77,Eng2_01F_A01:-73,5,1575160415
490.0,100.0,Eng2_04F-04:-71,Eng2_02F_A03:-73,Eng2_02F_A04:-77,Eng2_01F_A01:-73,5,1575160417
510.0,100.0,Eng2_04F-04:-71,Eng2_02F_A03:-73,Eng2_02F_A04:-77,Eng2_01F_A01:-73,5,1575160419
540.0,100.0,Eng2_04F-04:-71,Eng2_02F_A03:-77,Eng2_02F_A04:-77,Eng2_03F-05:-65,5,1575160421
560.0,100.0,Eng2_04F-04:-71,Eng2_02F_A03:-77,Eng2_02F_A04:-77,Eng2_03F-05:-65,5,1575160423
560.0,120.0,Eng2_04F-04:-71,Eng2_02F_A03:-77,Eng2_03F-05:-61,Eng2_03F-04:-82,5,1575160425
560.0,150.0,Eng2_04F-04:-71,Eng2_02F_A03:-77,Eng2_03F-05:-61,Eng2_03F-04:-82,5,1575160427
560.0,170.0,Eng2_04F-04:-71,Eng2_02F_A03:-77,Eng2_06F-06:-78,Eng2_03F-05:-59,5,1575160429
560.0,200.0,Eng2_04F-04:-71,Eng2_02F_A03:-77,Eng2_06F-06:-78,Eng2_03F-05:-59,5,1575160431
580.0,200.0,Eng2_04F-04:-71,Eng2_02F_A03:-77,Eng2_06F-06:-76,Eng2_05F-07:-79,5,1575160433
610.0,200.0,Eng2_04F-04:-71,Eng2_02F_A03:-77,Eng2_06F-06:-76,Eng2_05F-07:-79,5,1575160435
630.0,200.0,Eng2_04F-04:-71,Eng2_02F_A03:-77,Eng2_03F-08:-85,Eng2_06F-06:-71,5,1575160437
660.0,200.0,Eng2_04F-04:-71,Eng2_02F_A03:-77,Eng2_03F-08:-85,Eng2_06F-06:-71,5,1575160439
680.0,200.0,Eng2_04F-04:-71,Eng2_02F_A03:-77,Eng2_03F-08:-79,Eng2_06F-06:-71,5,1575160441
710.0,200.0,Eng2_04F-04:-71,Eng2_02F_A03:-77,Eng2_03F-08:-79,Eng2_06F-06:-71,5,1575160443
730.0,200.0,Eng2_04F-04:-71,Eng2_02F_A03:-77,Eng2_03F-08:-85,Eng2_06F-06:-71,5,1575160445
710.0,200.0,Eng2_04F-04:-71,Eng2_02F_A03:-77,Eng2_03F-08:-85,Eng2_06F-06:-71,5,1575160447
690.0,200.0,Eng2_04F-04:-71,Eng2_02F_A03:-77,Eng2_03F-08:-85,Eng2_06F-06:-91,5,1575160449
670.0,200.0,Eng2_04F-04:-71,Eng2_02F_A03:-77,Eng2_03F-08:-85,Eng2_06F-06:-78,5,1575160451
640.0,200.0,Eng2_04F-04:-71,Eng2_02F_A03:-77,Eng2_03F-08:-85,Eng2_06F-06:-78,5,1575160453
620.0,200.0,Eng2_04F-04:-71,Eng2_03F-08:-85,Eng2_06F-06:-78,Eng2_05F-07:-79,5,1575160455
600.0,200.0,Eng2_04F-04:-71,Eng2_02F_A03:-91,Eng2_03F-08:-85,Eng2_06F-06:-78,5,1575160457
580.0,200.0,Eng2_04F-04:-71,Eng2_02F_A03:-91,Eng2_03F-08:-85,Eng2_06F-06:-78,5,1575160459
560.0,200.0,Eng2_04F-04:-71,Eng2_02F_A03:-91,Eng2_03F-08:-85,Eng2_06F-06:-78,5,1575160461
530.0,200.0,Eng2_04F-04:-71,Eng2_02F_A03:-91,Eng2_03F-08:-85,Eng2_06F-06:-78,5,1575160463
500.0,200.0,Eng2_04F-04:-71,Eng2_02F_A03:-91,Eng2_03F-08:-85,Eng2_06F-06:-78,5,1575160465
480.0,200.0,Eng2_04F-04:-71,Eng2_02F_A03:-91,Eng2_06F-06:-78,Eng2_05F-07:-79,5,1575160468
450.0,200.0,Eng2_04F-04:-71,Eng2_02F_A03:-91,Eng1_01F_A21:-89,Eng2_06F-06:-78,5,1575160470
420.0,200.0,Eng2_04F-04:-71,Eng2_02F_A03:-91,Eng1_01F_A21:-89,Eng2_06F-06:-78,5,1575160472
390.0,200.0,Eng2_04F-04:-71,Eng2_02F_A03:-91,Eng1_01F_A21:-90,Eng2_06F-06:-78,5,1575160474
370.0,200.0,Eng2_04F-04:-71,Eng2_02F_A03:-91,Eng1_01F_A21:-90,Eng2_03F-05:-84,5,1575160476
340.0,200.0,Eng2_04F-04:-71,Eng1_01F_A21:-90,Eng2_03F-05:-84,Eng2_06F-04:-79,5,1575160478
310.0,200.0,Eng2_04F-04:-81,Eng1_01F_A21:-90,Eng2_03F-05:-84,Eng2_06F-04:-79,5,1575160480
280.0,200.0,Eng2_04F-04:-81,Eng1_01F_A21:-90,Eng2_03F-05:-84,Eng2_06F-04:-79,5,1575160482
260.0,200.0,Eng2_04F-04:-81,Eng1_01F_A21:-90,Eng2_03F-05:-84,Eng2_06F-04:-79,5,1575160484
230.0,200.0,Eng2_04F-04:-81,Eng1_01F_A21:-90,Eng2_03F-05:-84,Eng2_06F-02:-84,5,1575160486
200.0,200.0,Eng2_04F-04:-81,Eng1_01F_A21:-90,Eng2_06F-02:-84,Eng2_03F-02:-79,5,1575160488
