x,y,AP1:RSSI,AP2:RSSI,AP3:RSSI,AP4:RSSI,Capabilities,epochTime
607.67,201.14,Eng2_04F-05:-49,Eng2_02F_A03:-79,Eng2_02F_A04:-87,Eng2_03F-08:-82,2.4,1565816282
607.67,201.14,Eng2_04F-05:-49,Eng2_02F_A03:-76,Eng2_02F_A04:-87,Eng2_03F-08:-85,2.4,1565816286
607.67,201.14,Eng2_04F-05:-49,Eng2_02F_A03:-75,Eng2_02F_A04:-87,Eng2_03F-08:-85,2.4,1565816290
607.67,201.14,Eng2_04F-05:-49,Eng2_02F_A03:-74,Eng2_02F_A04:-87,Eng2_03F-08:-85,2.4,1565816294
607.67,201.14,Eng2_04F-05:-49,Eng2_02F_A03:-78,Eng2_02F_A04:-87,Eng2_03F-08:-85,2.4,1565816298
607.67,201.14,Eng2_04F-05:-49,Eng2_02F_A03:-80,Eng2_02F_A04:-87,Eng2_03F-08:-85,2.4,1565816302
607.67,201.14,Eng2_04F-05:-49,Eng2_02F_A03:-86,Eng2_02F_A04:-87,Eng2_03F-08:-82,2.4,1565816306
607.67,201.14,Eng2_04F-05:-49,Eng2_02F_A03:-86,Eng2_02F_A04:-87,Eng2_03F-08:-80,2.4,1565816310
607.67,201.14,Eng2_04F-05:-49,Eng2_02F_A03:-86,Eng2_02F_A04:-87,Eng2_03F-08:-84,2.4,1565816314
607.67,201.14,Eng2_04F-05:-49,Eng2_02F_A03:-86,Eng2_02F_A04:-87,Eng2_03F-08:-84,2.4,1565816318
607.67,201.14,Eng2_04F-05:-49,Eng2_02F_A03:-85,Eng2_03F-08:-83,Eng2_06F-07:-88,2.4,1565816322
607.67,201.14,Eng2_04F-05:-49,Eng2_02F_A03:-85,Eng2_03F-08:-88,Eng2_06F-07:-88,2.4,1565816326
607.67,201.14,Eng2_04F-05:-49,Eng2_02F_A03:-78,Eng2_03F-08:-86,Eng2_06F-07:-87,2.4,1565816330
607.67,201.14,Eng2_04F-05:-49,Eng2_02F_A03:-71,Eng2_02F_A04:-86,Eng2_03F-08:-87,2.4,1565816334
607.67,201.14,Eng2_04F-05:-49,Eng2_02F_A03:-72,Eng2_02F_A04:-86,Eng2_03F-08:-88,2.4,1565816338
607.67,201.14,Eng2_04F-05:-49,Eng2_02F_A03:-80,Eng2_02F_A04:-86,Eng2_03F-08:-83,2.4,1565816342
607.67,201.14,Eng2_04F-05:-49,Eng2_02F_A03:-85,Eng2_02F_A04:-86,Eng2_03F-08:-79,2.4,1565816346
607.67,201.14,Eng2_04F-05:-49,Eng2_02F_A03:-82,Eng2_02F_A04:-86,Eng2_03F-08:-79,2.4,1565816350
607.67,201.14,Eng2_04F-05:-49,Eng2_02F_A03:-84,Eng2_02F_A04:-86,Eng2_03F-08:-79,2.4,1565816354
607.67,201.14,Eng2_04F-05:-49,Eng2_02F_A03:-83,Eng2_03F-08:-80,Eng2_06F-06:-89,2.4,1565816358
607.67,201.14,Eng2_04F-05:-49,Eng2_02F_A03:-83,Eng2_03F-08:-80,Eng2_06F-06:-89,2.4,1565816362
607.67,201.14,Eng2_04F-05:-47,Eng2_02F_A03:-83,Eng2_03F-08:-80,Eng2_06F-06:-89,2.4,1565816366
607.67,201.14,Eng2_04F-05:-47,Eng2_02F_A03:-84,Eng2_03F-08:-81,Eng2_06F-06:-89,2.4,1565816370
607.67,201.14,Eng2_04F-05:-47,Eng2_02F_A03:-84,Eng2_03F-08:-82,Eng2_06F-06:-89,2.4,1565816374
607.67,201.14,Eng2_04F-05:-47,Eng2_02F_A03:-84,Eng2_03F-08:-85,Eng2_06F-06:-85,2.4,1565816378
557.51,204.22,Eng2_04F-05:-47,Eng2_02F_A03:-77,Eng2_06F-07:-91,Eng2_03F-05:-68,2.4,1565816426
557.51,204.22,Eng2_04F-05:-47,Eng2_02F_A03:-78,Eng2_03F-05:-69,Eng2_03F-04:-77,2.4,1565816430
557.51,204.22,Eng2_04F-05:-47,Eng2_02F_A03:-78,Eng2_03F-05:-68,Eng2_03F-04:-80,2.4,1565816434
557.51,204.22,Eng2_04F-05:-47,Eng2_02F_A03:-78,Eng2_06F-06:-88,Eng2_03F-05:-69,2.4,1565816438
557.51,204.22,Eng2_04F-05:-47,Eng2_02F_A03:-82,Eng2_06F-06:-88,Eng2_03F-05:-72,2.4,1565816442
557.51,204.22,Eng2_04F-05:-47,Eng2_02F_A03:-74,Eng2_06F-06:-88,Eng2_03F-05:-72,2.4,1565816446
557.51,204.22,Eng2_04F-05:-47,Eng2_02F_A03:-78,Eng2_03F-08:-88,Eng2_03F-05:-64,2.4,1565816450
557.51,204.22,Eng2_04F-05:-47,Eng2_02F_A03:-79,Eng2_03F-08:-88,Eng2_03F-05:-63,2.4,1565816454
557.51,204.22,Eng2_04F-05:-34,Eng2_02F_A03:-78,Eng2_03F-08:-84,Eng2_03F-05:-59,2.4,1565816458
557.51,204.22,Eng2_04F-05:-34,Eng2_02F_A03:-77,Eng2_03F-08:-84,Eng2_03F-05:-62,2.4,1565816462
557.51,204.22,Eng2_04F-05:-34,Eng2_02F_A03:-78,Eng2_03F-08:-82,Eng2_03F-05:-60,2.4,1565816466
557.51,204.22,Eng2_04F-05:-34,Eng2_02F_A03:-76,Eng2_03F-08:-81,Eng2_06F-06:-86,2.4,1565816470
557.51,204.22,Eng2_04F-05:-34,Eng2_02F_A03:-77,Eng2_03F-08:-87,Eng2_06F-06:-78,2.4,1565816474
557.51,204.22,Eng2_04F-05:-34,Eng2_02F_A03:-77,Eng2_03F-08:-85,Eng2_06F-06:-78,2.4,1565816478
557.51,204.22,Eng2_04F-05:-34,Eng2_02F_A03:-77,Eng2_03F-08:-85,Eng2_03F-05:-63,2.4,1565816482
557.51,204.22,Eng2_04F-05:-34,Eng2_02F_A03:-78,Eng2_03F-08:-85,Eng2_03F-05:-64,2.4,1565816486
557.51,204.22,Eng2_04F-05:-34,Eng2_02F_A03:-77,Eng2_03F-08:-82,Eng2_03F-05:-63,2.4,1565816491
557.51,204.22,Eng2_04F-05:-34,Eng2_02F_A03:-78,Eng2_03F-08:-82,Eng2_03F-05:-61,2.4,1565816495
557.51,204.22,Eng2_04F-05:-34,Eng2_02F_A03:-77,Eng2_03F-08:-83,Eng2_03F-05:-66,2.4,1565816499
557.51,204.22,Eng2_04F-05:-34,Eng2_02F_A03:-76,Eng2_03F-08:-81,Eng2_03F-05:-64,2.4,1565816503
557.51,204.22,Eng2_04F-05:-34,Eng2_02F_A03:-77,Eng2_03F-08:-81,Eng2_07F-06:-86,2.4,1565816507
557.51,204.22,Eng2_04F-05:-34,Eng2_02F_A03:-77,Eng2_03F-08:-83,Eng2_06F-06:-85,2.4,1565816511
557.51,204.22,Eng2_04F-05:-34,Eng2_02F_A03:-79,Eng2_03F-08:-82,Eng2_06F-06:-87,2.4,1565816515
521.72,205.49,Eng2_04F-05:-34,Eng2_02F_A03:-80,Eng2_03F-08:-84,Eng2_03F-05:-75,2.4,1565816535
521.72,205.49,Eng2_04F-05:-34,Eng2_02F_A03:-80,Eng2_06F-07:-86,Eng2_03F-05:-76,2.4,1565816539
521.72,205.49,Eng2_04F-05:-34,Eng2_02F_A03:-78,Eng2_02F_A04:-86,Eng2_06F-07:-85,2.4,1565816543
521.72,205.49,Eng2_04F-05:-49,Eng2_02F_A03:-79,Eng2_02F_A04:-86,Eng2_06F-07:-85,2.4,1565816547
521.72,205.49,Eng2_04F-05:-49,Eng2_02F_A03:-79,Eng2_02F_A04:-86,Eng2_06F-07:-91,2.4,1565816551
521.72,205.49,Eng2_04F-05:-49,Eng2_02F_A03:-79,Eng2_02F_A04:-86,Eng2_06F-07:-91,2.4,1565816555
521.72,205.49,Eng2_04F-05:-49,Eng2_02F_A03:-79,Eng2_02F_A04:-86,Eng2_06F-07:-86,2.4,1565816559
521.72,205.49,Eng2_04F-05:-49,Eng2_02F_A03:-79,Eng2_02F_A04:-87,Eng2_06F-07:-86,2.4,1565816563
521.72,205.49,Eng2_04F-05:-49,Eng2_02F_A03:-84,Eng2_02F_A04:-87,Eng2_03F-08:-87,2.4,1565816567
521.72,205.49,Eng2_04F-05:-49,Eng2_02F_A03:-82,Eng2_02F_A04:-88,Eng2_03F-08:-89,2.4,1565816571
521.72,205.49,Eng2_04F-05:-49,Eng2_02F_A03:-81,Eng2_02F_A04:-88,Eng2_03F-08:-86,2.4,1565816575
521.72,205.49,Eng2_04F-05:-49,Eng2_02F_A03:-81,Eng2_02F_A04:-88,Eng2_03F-08:-85,2.4,1565816579
521.72,205.49,Eng2_04F-05:-49,Eng2_02F_A03:-82,Eng2_02F_A04:-88,Eng2_03F-08:-86,2.4,1565816583
521.72,205.49,Eng2_04F-05:-49,Eng2_02F_A03:-82,Eng2_02F_A04:-88,Eng2_03F-08:-87,2.4,1565816587
521.72,205.49,Eng2_04F-05:-49,Eng2_02F_A03:-82,Eng2_02F_A04:-88,Eng2_03F-08:-87,2.4,1565816591
521.72,205.49,Eng2_04F-05:-49,Eng2_02F_A03:-82,Eng2_02F_A04:-88,Eng2_03F-08:-87,2.4,1565816595
521.72,205.49,Eng2_04F-05:-49,Eng2_02F_A03:-82,Eng2_02F_A04:-88,Eng2_03F-08:-87,2.4,1565816599
521.72,205.49,Eng2_04F-05:-49,Eng2_02F_A03:-82,Eng2_02F_A04:-88,Eng2_03F-08:-87,2.4,1565816603
521.72,205.49,Eng2_04F-05:-49,Eng2_02F_A03:-82,Eng2_02F_A04:-85,Eng2_03F-08:-87,2.4,1565816607
521.72,205.49,Eng2_04F-05:-49,Eng2_02F_A03:-82,Eng2_02F_A04:-86,Eng2_03F-08:-87,2.4,1565816611
521.72,205.49,Eng2_04F-05:-49,Eng2_02F_A03:-82,Eng2_02F_A04:-86,Eng2_03F-08:-87,2.4,1565816615
521.72,205.49,Eng2_04F-05:-49,Eng2_02F_A04:-86,Eng2_03F-08:-87,Eng2_06F-07:-88,2.4,1565816619
521.72,205.49,Eng2_04F-05:-49,Eng2_02F_A04:-86,Eng2_03F-08:-87,Eng2_06F-07:-88,2.4,1565816623
521.72,205.49,Eng2_04F-05:-49,Eng2_02F_A04:-86,Eng2_06F-07:-88,Eng2_07F-06:-81,2.4,1565816627
521.72,205.49,Eng2_04F-05:-49,Eng2_02F_A03:-83,Eng2_02F_A04:-86,Eng2_06F-07:-88,2.4,1565816631
521.72,205.49,Eng2_04F-05:-49,Eng2_02F_A03:-78,Eng2_02F_A04:-86,Eng2_06F-07:-88,2.4,1565816635
477.97,204.49,Eng2_04F-05:-48,Eng2_02F_A03:-83,Eng2_02F_A04:-85,Eng2_06F-07:-88,2.4,1565816655
477.97,204.49,Eng2_04F-05:-48,Eng2_02F_A03:-83,Eng2_02F_A04:-83,Eng2_06F-07:-88,2.4,1565816659
477.97,204.49,Eng2_04F-05:-48,Eng2_02F_A03:-86,Eng2_02F_A04:-82,Eng2_06F-07:-88,2.4,1565816663
477.97,204.49,Eng2_04F-05:-48,Eng2_02F_A03:-86,Eng2_02F_A04:-82,Eng2_06F-07:-88,2.4,1565816667
477.97,204.49,Eng2_04F-05:-48,Eng2_02F_A03:-86,Eng2_02F_A04:-84,Eng2_07F-06:-81,2.4,1565816671
477.97,204.49,Eng2_04F-05:-48,Eng2_02F_A03:-85,Eng2_02F_A04:-84,Eng2_07F-06:-81,2.4,1565816675
477.97,204.49,Eng2_04F-05:-48,Eng2_02F_A03:-85,Eng2_02F_A04:-81,Eng2_07F-06:-81,2.4,1565816679
477.97,204.49,Eng2_04F-05:-48,Eng2_02F_A03:-85,Eng2_02F_A04:-81,Eng2_07F-06:-81,2.4,1565816683
477.97,204.49,Eng2_04F-05:-48,Eng2_02F_A03:-85,Eng2_02F_A04:-81,Eng2_07F-06:-81,2.4,1565816687
477.97,204.49,Eng2_04F-05:-48,Eng2_02F_A03:-85,Eng2_02F_A04:-85,Eng2_07F-06:-81,2.4,1565816691
477.97,204.49,Eng2_04F-05:-48,Eng2_02F_A03:-85,Eng2_02F_A04:-85,Eng2_07F-06:-81,2.4,1565816695
477.97,204.49,Eng2_04F-05:-48,Eng2_02F_A03:-91,Eng2_02F_A04:-84,Eng2_07F-06:-81,2.4,1565816699
477.97,204.49,Eng2_04F-05:-48,Eng2_02F_A03:-92,Eng2_02F_A04:-84,Eng2_03F-05:-86,2.4,1565816703
477.97,204.49,Eng2_04F-05:-48,Eng2_02F_A03:-92,Eng2_02F_A04:-84,Eng2_03F-05:-86,2.4,1565816707
477.97,204.49,Eng2_04F-05:-48,Eng2_02F_A03:-92,Eng2_02F_A04:-84,Eng2_03F-08:-85,2.4,1565816711
477.97,204.49,Eng2_04F-05:-48,Eng2_02F_A03:-92,Eng2_02F_A04:-84,Eng2_03F-08:-85,2.4,1565816715
477.97,204.49,Eng2_04F-05:-48,Eng2_02F_A03:-91,Eng2_02F_A04:-84,Eng2_03F-08:-85,2.4,1565816719
477.97,204.49,Eng2_04F-05:-48,Eng2_02F_A03:-91,Eng2_02F_A04:-84,Eng2_03F-08:-85,2.4,1565816724
477.97,204.49,Eng2_04F-05:-43,Eng2_02F_A03:-91,Eng2_02F_A04:-84,Eng2_03F-08:-85,2.4,1565816728
477.97,204.49,Eng2_04F-05:-43,Eng2_02F_A03:-91,Eng2_02F_A04:-84,Eng2_03F-08:-85,2.4,1565816732
477.97,204.49,Eng2_04F-05:-43,Eng2_02F_A03:-86,Eng2_02F_A04:-84,Eng2_03F-08:-85,2.4,1565816736
477.97,204.49,Eng2_04F-05:-43,Eng2_02F_A03:-86,Eng2_02F_A04:-84,Eng2_03F-08:-85,2.4,1565816740
477.97,204.49,Eng2_04F-05:-43,Eng2_02F_A03:-86,Eng2_02F_A04:-84,Eng2_03F-08:-85,2.4,1565816744
477.97,204.49,Eng2_04F-05:-43,Eng2_02F_A03:-86,Eng2_02F_A04:-84,Eng2_03F-08:-85,2.4,1565816748
477.97,204.49,Eng2_04F-05:-43,Eng2_02F_A03:-86,Eng2_02F_A04:-84,Eng2_03F-08:-85,2.4,1565816752
477.97,204.49,Eng2_04F-05:-43,Eng2_02F_A03:-86,Eng2_02F_A04:-84,Eng2_03F-08:-85,2.4,1565816756
477.97,204.49,Eng2_04F-05:-43,Eng2_02F_A03:-86,Eng2_02F_A04:-84,Eng2_03F-08:-85,2.4,1565816760
423.99,204,Eng2_04F-05:-43,Eng2_02F_A03:-85,Eng2_02F_A04:-81,Eng2_03F-08:-85,2.4,1565816776
423.99,204,Eng2_04F-05:-43,Eng2_02F_A03:-85,Eng2_02F_A04:-80,Eng2_03F-05:-83,2.4,1565816780
423.99,204,Eng2_04F-03:-51,Eng2_02F_A03:-85,Eng2_02F_A04:-77,Eng2_06F-04:-81,2.4,1565816784
423.99,204,Eng2_04F-03:-51,Eng2_02F_A03:-85,Eng2_02F_A04:-77,Eng2_06F-04:-81,2.4,1565816788
423.99,204,Eng2_04F-03:-51,Eng2_02F_A03:-85,Eng2_02F_A04:-80,Eng2_06F-04:-89,2.4,1565816792
423.99,204,Eng2_04F-03:-51,Eng2_02F_A03:-85,Eng2_02F_A04:-79,Eng2_06F-04:-89,2.4,1565816796
423.99,204,Eng2_04F-03:-51,Eng2_02F_A03:-85,Eng2_02F_A04:-79,Eng2_06F-04:-89,2.4,1565816800
423.99,204,Eng2_04F-03:-51,Eng2_02F_A03:-85,Eng2_02F_A04:-79,Eng2_06F-04:-89,2.4,1565816804
423.99,204,Eng2_04F-03:-51,Eng2_02F_A03:-85,Eng2_02F_A04:-78,Eng2_06F-04:-89,2.4,1565816808
423.99,204,Eng2_04F-03:-51,Eng2_02F_A03:-85,Eng2_02F_A04:-78,Eng2_06F-04:-76,2.4,1565816812
423.99,204,Eng2_04F-03:-51,Eng2_02F_A03:-85,Eng2_02F_A04:-82,Eng2_06F-04:-79,2.4,1565816816
423.99,204,Eng2_04F-03:-51,Eng2_02F_A03:-85,Eng2_02F_A04:-80,Eng2_06F-04:-79,2.4,1565816820
423.99,204,Eng2_04F-03:-51,Eng2_02F_A03:-85,Eng2_02F_A04:-80,Eng2_06F-04:-79,2.4,1565816824
423.99,204,Eng2_04F-03:-51,Eng2_02F_A03:-85,Eng2_02F_A04:-80,Eng2_06F-04:-79,2.4,1565816828
423.99,204,Eng2_04F-03:-51,Eng2_02F_A03:-85,Eng2_02F_A04:-79,Eng2_06F-04:-79,2.4,1565816832
423.99,204,Eng2_04F-03:-51,Eng2_02F_A04:-79,Eng2_06F-04:-79,Eng2_03F-04:-54,2.4,1565816836
423.99,204,Eng2_04F-03:-74,Eng2_02F_A04:-79,Eng2_06F-04:-79,Eng2_03F-04:-54,2.4,1565816840
423.99,204,Eng2_04F-03:-74,Eng2_02F_A04:-79,Eng2_06F-04:-79,Eng2_03F-04:-54,2.4,1565816844
423.99,204,Eng2_04F-03:-74,Eng2_02F_A04:-79,Eng2_03F-04:-54,Eng2_04F-05:-64,2.4,1565816848
423.99,204,Eng2_04F-03:-74,Eng2_03F-04:-69,Eng2_04F-05:-72,Eng2_06F-05:-83,2.4,1565816852
423.99,204,Eng2_04F-03:-74,Eng2_02F_A04:-83,Eng2_03F-04:-67,Eng2_04F-05:-71,2.4,1565816856
423.99,204,Eng2_04F-03:-74,Eng2_02F_A03:-87,Eng2_02F_A04:-83,Eng2_03F-04:-66,2.4,1565816860
423.99,204,Eng2_04F-03:-74,Eng2_02F_A03:-87,Eng2_02F_A04:-82,Eng2_06F-04:-84,2.4,1565816864
423.99,204,Eng2_04F-03:-74,Eng2_02F_A03:-87,Eng2_02F_A04:-82,Eng2_06F-04:-84,2.4,1565816868
423.99,204,Eng2_04F-03:-74,Eng2_02F_A03:-87,Eng2_02F_A04:-83,Eng2_03F-08:-89,2.4,1565816872
423.99,204,Eng2_04F-03:-74,Eng2_02F_A03:-86,Eng2_02F_A04:-82,Eng2_03F-08:-89,2.4,1565816876
423.99,204,Eng2_04F-03:-74,Eng2_02F_A03:-86,Eng2_02F_A04:-83,Eng2_03F-08:-89,2.4,1565816880
363.48,204,Eng2_04F-03:-74,Eng2_02F_A04:-83,Info_04F_A05:-87,Eng2_06F-04:-83,2.4,1565816896
363.48,204,Eng2_04F-03:-74,Info_04F_A05:-87,Eng2_06F-04:-83,Eng2_03F-04:-65,2.4,1565816900
363.48,204,Eng2_04F-03:-74,Info_04F_A05:-87,Eng2_06F-04:-83,Eng2_03F-04:-63,2.4,1565816904
363.48,204,Eng2_04F-03:-74,Info_04F_A05:-87,Eng2_06F-04:-83,Eng2_03F-04:-63,2.4,1565816908
363.48,204,Eng2_04F-03:-74,Info_04F_A05:-87,Eng2_06F-04:-83,Eng2_03F-04:-64,2.4,1565816912
363.48,204,Eng2_04F-03:-74,Info_04F_A05:-87,Eng2_06F-04:-83,Eng2_03F-04:-66,2.4,1565816916
363.48,204,Eng2_04F-03:-74,Info_04F_A05:-87,108-4F-06:-89,Eng2_06F-04:-83,2.4,1565816920
363.48,204,Eng2_04F-03:-74,Eng2_02F_A04:-84,108-4F-06:-89,Eng2_03F-04:-62,2.4,1565816924
363.48,204,Eng2_04F-03:-48,Eng2_02F_A04:-82,108-4F-06:-89,Eng2_03F-04:-65,2.4,1565816928
363.48,204,Eng2_04F-03:-48,Eng2_02F_A04:-82,108-4F-06:-89,Eng2_03F-04:-63,2.4,1565816932
363.48,204,Eng2_04F-03:-48,Eng2_02F_A04:-82,108-4F-06:-89,Eng2_03F-04:-62,2.4,1565816936
363.48,204,Eng2_04F-03:-48,Eng2_02F_A04:-82,108-4F-06:-89,Eng2_03F-04:-64,2.4,1565816941
363.48,204,Eng2_04F-03:-48,Eng2_02F_A04:-82,108-4F-06:-89,Eng2_03F-04:-64,2.4,1565816945
363.48,204,Eng2_04F-03:-48,Eng2_02F_A04:-82,108-4F-06:-89,Eng2_03F-04:-64,2.4,1565816949
363.48,204,Eng2_04F-03:-48,Eng2_02F_A04:-82,108-4F-06:-89,Eng2_03F-04:-63,2.4,1565816953
363.48,204,Eng2_04F-03:-48,Eng2_02F_A04:-82,Eng2_06F-04:-82,Eng2_03F-04:-63,2.4,1565816957
363.48,204,Eng2_04F-03:-48,Eng2_02F_A04:-82,Eng2_06F-04:-82,Eng2_03F-04:-63,2.4,1565816961
363.48,204,Eng2_04F-03:-48,Eng2_02F_A04:-82,Eng2_06F-04:-82,Eng2_03F-04:-56,2.4,1565816965
363.48,204,Eng2_04F-03:-48,Eng2_02F_A04:-82,Eng2_06F-04:-84,Eng2_03F-04:-59,2.4,1565816969
363.48,204,Eng2_04F-03:-48,Eng2_02F_A04:-82,Eng2_06F-04:-84,Eng2_03F-04:-59,2.4,1565816973
363.48,204,Eng2_04F-03:-48,Eng2_02F_A04:-82,Eng2_06F-04:-82,Eng2_03F-04:-59,2.4,1565816977
363.48,204,Eng2_04F-03:-48,Eng2_02F_A04:-82,Eng2_06F-04:-82,Eng2_03F-04:-59,2.4,1565816981
363.48,204,Eng2_04F-03:-48,Eng2_02F_A04:-82,Eng2_06F-04:-82,Eng2_03F-04:-59,2.4,1565816985
363.48,204,Eng2_04F-03:-48,Eng2_02F_A04:-82,Eng2_06F-04:-82,Eng2_03F-04:-58,2.4,1565816989
363.48,204,Eng2_04F-03:-48,Eng2_02F_A04:-82,Eng2_06F-04:-82,Eng2_03F-04:-56,2.4,1565816993
363.48,204,Eng2_04F-03:-48,Eng2_06F-04:-82,Eng2_03F-04:-58,Eng2_04F-05:-83,2.4,1565816997
288.76,204,Eng2_04F-03:-48,Eng2_03F-04:-69,Eng2_04F-05:-66,Eng2_06F-05:-86,2.4,1565817017
288.76,204,Eng2_04F-03:-40,Eng2_03F-04:-70,Eng2_04F-05:-66,Eng2_06F-05:-88,2.4,1565817021
288.76,204,Eng2_04F-03:-40,Eng2_03F-04:-70,Eng2_04F-05:-68,Eng2_06F-05:-88,2.4,1565817025
288.76,204,Eng2_04F-03:-40,Eng2_02F_A04:-90,Eng1_06F-01:-87,Eng2_03F-04:-70,2.4,1565817029
288.76,204,Eng2_04F-03:-40,Eng2_02F_A04:-90,Eng1_06F-01:-87,Eng2_03F-04:-77,2.4,1565817033
288.76,204,Eng2_04F-03:-40,Eng2_02F_A04:-90,Eng1_06F-01:-83,Eng2_03F-04:-78,2.4,1565817037
288.76,204,Eng2_04F-03:-40,Eng2_02F_A04:-90,Eng1_06F-01:-83,Eng2_03F-04:-73,2.4,1565817041
288.76,204,Eng2_04F-03:-40,Eng1_06F-01:-79,Eng2_03F-04:-74,Eng2_04F-05:-70,2.4,1565817045
288.76,204,Eng2_04F-03:-40,Eng1_06F-01:-79,Eng2_03F-04:-74,Eng2_04F-05:-80,2.4,1565817049
288.76,204,Eng2_04F-03:-40,Eng1_06F-01:-79,Eng2_03F-04:-74,Eng2_04F-05:-80,2.4,1565817053
288.76,204,Eng2_04F-03:-40,Eng1_06F-01:-79,Eng2_03F-04:-72,Eng2_04F-05:-80,2.4,1565817057
288.76,204,Eng2_04F-03:-40,Eng1_06F-01:-81,Eng2_03F-04:-71,Eng2_04F-05:-60,2.4,1565817061
288.76,204,Eng2_04F-03:-40,Eng1_06F-01:-79,Eng2_03F-04:-70,Eng2_04F-05:-59,2.4,1565817065
288.76,204,Eng2_04F-03:-40,Eng1_06F-01:-79,Eng2_03F-04:-70,Eng2_04F-05:-59,2.4,1565817069
288.76,204,Eng2_04F-03:-40,Eng1_06F-01:-80,Eng2_03F-04:-71,Eng2_04F-05:-55,2.4,1565817073
288.76,204,Eng2_04F-03:-40,Eng1_06F-01:-80,Eng2_03F-04:-69,Eng2_04F-05:-55,2.4,1565817077
288.76,204,Eng2_04F-03:-40,Eng1_06F-01:-80,Eng2_03F-04:-73,Eng2_04F-05:-46,2.4,1565817081
288.76,204,Eng2_04F-03:-40,Eng2_02F_A04:-84,Eng1_06F-01:-80,Eng2_03F-04:-68,2.4,1565817085
288.76,204,Eng2_04F-03:-40,Eng2_02F_A04:-84,Eng2_03F-04:-69,Eng2_04F-05:-71,2.4,1565817089
288.76,204,Eng2_04F-03:-40,Eng2_02F_A04:-84,Eng2_06F-04:-87,Eng2_03F-04:-69,2.4,1565817093
288.76,204,Eng2_04F-03:-40,Eng2_02F_A04:-85,Eng2_06F-04:-87,Eng2_03F-04:-69,2.4,1565817097
288.76,204,Eng2_04F-03:-40,Eng2_02F_A04:-84,Eng2_03F-08:-88,Eng2_06F-04:-87,2.4,1565817101
288.76,204,Eng2_04F-03:-40,Eng2_02F_A04:-84,Eng2_03F-08:-90,Eng2_06F-04:-87,2.4,1565817105
288.76,204,Eng2_04F-03:-44,Eng2_02F_A04:-84,Eng2_03F-08:-90,Eng2_06F-04:-87,2.4,1565817109
288.76,204,Eng2_04F-03:-44,Eng2_02F_A04:-86,Eng2_03F-08:-90,Eng2_06F-04:-87,2.4,1565817113
288.76,204,Eng2_04F-03:-44,Eng2_02F_A04:-86,Eng2_03F-08:-90,Eng2_06F-04:-84,2.4,1565817117
222.28,204,Eng2_04F-03:-44,Eng2_03F-04:-79,Eng2_04F-05:-61,Eng2_03F-02:-62,2.4,1565817141
222.28,204,Eng2_04F-03:-44,Eng2_03F-04:-77,Eng2_04F-05:-64,Eng2_03F-02:-63,2.4,1565817145
222.28,204,Eng2_04F-03:-44,Eng2_03F-04:-78,Eng2_04F-05:-51,Eng2_03F-02:-65,2.4,1565817149
222.28,204,Eng2_04F-03:-44,Eng2_03F-04:-80,Eng2_04F-05:-48,Eng2_03F-02:-62,2.4,1565817154
222.28,204,Eng2_04F-03:-44,Eng2_03F-04:-77,Eng2_04F-05:-45,Eng2_03F-02:-62,2.4,1565817158
222.28,204,Eng2_04F-03:-44,Eng2_03F-04:-77,Eng2_04F-05:-65,Eng2_03F-02:-72,2.4,1565817162
222.28,204,Eng2_04F-03:-44,Eng2_03F-04:-76,Eng2_04F-05:-49,Eng2_03F-02:-63,2.4,1565817166
222.28,204,Eng2_04F-03:-44,Eng2_03F-04:-83,Eng2_04F-05:-62,Eng2_03F-02:-62,2.4,1565817170
222.28,204,Eng2_04F-03:-44,Eng2_03F-04:-83,Eng2_04F-05:-62,Eng2_03F-02:-62,2.4,1565817174
222.28,204,Eng2_04F-03:-44,Eng2_03F-04:-83,Eng2_04F-05:-63,Eng2_03F-02:-66,2.4,1565817178
222.28,204,Eng2_04F-03:-44,Eng2_03F-04:-80,Eng2_04F-05:-43,Eng2_03F-02:-65,2.4,1565817182
222.28,204,Eng2_04F-03:-44,Eng2_03F-04:-79,Eng2_04F-05:-44,Eng2_03F-02:-65,2.4,1565817186
222.28,204,Eng2_04F-03:-44,Eng2_03F-04:-80,Eng2_04F-05:-46,Eng2_03F-02:-71,2.4,1565817190
222.28,204,Eng2_04F-03:-44,Eng2_03F-04:-76,Eng2_04F-05:-51,Eng2_03F-02:-62,2.4,1565817194
222.28,204,Eng2_04F-03:-44,Eng2_03F-04:-76,Eng2_04F-05:-40,Eng2_03F-02:-62,2.4,1565817198
222.28,204,Eng2_04F-03:-55,Eng2_03F-04:-76,Eng2_04F-05:-41,Eng2_03F-02:-70,2.4,1565817202
222.28,204,Eng2_04F-03:-55,Eng2_03F-04:-77,Eng2_04F-05:-42,Eng2_03F-02:-67,2.4,1565817206
222.28,204,Eng2_04F-03:-55,Eng2_03F-04:-77,Eng2_04F-05:-42,Eng2_03F-02:-67,2.4,1565817210
222.28,204,Eng2_04F-03:-55,Eng2_03F-04:-74,Eng2_04F-05:-46,Eng2_03F-02:-66,2.4,1565817214
222.28,204,Eng2_04F-03:-55,Eng2_03F-04:-70,Eng2_04F-05:-43,Eng2_03F-02:-67,2.4,1565817218
222.28,204,Eng2_04F-03:-55,Eng2_03F-04:-74,Eng2_04F-05:-57,Eng2_03F-02:-70,2.4,1565817222
222.28,204,Eng2_04F-03:-55,Eng2_03F-04:-71,Eng2_04F-05:-57,Eng2_03F-02:-68,2.4,1565817226
222.28,204,Eng2_04F-03:-55,Eng2_03F-04:-73,Eng2_04F-05:-57,Eng2_03F-02:-84,2.4,1565817230
222.28,204,Eng2_04F-03:-55,Eng2_03F-04:-74,Eng2_04F-05:-58,Eng2_03F-02:-82,2.4,1565817234
222.28,204,Eng2_04F-03:-55,Eng2_03F-04:-74,Eng2_04F-05:-76,Eng2_03F-02:-69,2.4,1565817238
222.28,204,Eng2_04F-03:-55,Eng2_03F-04:-75,Eng2_04F-05:-76,Eng2_03F-02:-68,2.4,1565817242
222.28,204,Eng2_04F-03:-55,Eng2_03F-04:-75,Eng2_04F-05:-76,Eng2_03F-02:-58,2.4,1565817246
222.28,204,Eng2_04F-03:-55,Eng2_03F-04:-75,Eng2_04F-05:-69,Eng2_03F-02:-57,2.4,1565817250
175.41,204,Eng2_04F-03:-55,Out_AP18:-93,Eng2_03F-04:-76,Eng2_04F-05:-82,2.4,1565817262
175.41,204,Eng2_04F-03:-55,Out_AP18:-93,Eng2_03F-04:-82,Eng2_04F-05:-53,2.4,1565817266
175.41,204,Eng2_04F-03:-55,Out_AP18:-93,Info_04F_A02:-86,Eng2_03F-04:-75,2.4,1565817270
175.41,204,Eng2_04F-03:-55,Out_AP18:-93,Info_04F_A02:-86,Eng2_03F-04:-83,2.4,1565817274
175.41,204,Eng2_04F-03:-55,Out_AP18:-93,Info_04F_A02:-86,Eng2_03F-04:-83,2.4,1565817278
175.41,204,Eng2_04F-03:-55,Out_AP18:-93,Info_04F_A02:-86,Eng2_03F-04:-81,2.4,1565817282
175.41,204,Eng2_04F-03:-55,Info_04F_A02:-86,Eng2_03F-04:-72,Eng2_04F-05:-54,2.4,1565817286
175.41,204,Eng2_04F-03:-49,Info_04F_A02:-86,Eng2_03F-04:-73,Eng2_04F-05:-55,2.4,1565817290
175.41,204,Eng2_04F-03:-49,Info_04F_A02:-86,Eng2_03F-04:-76,Eng2_04F-05:-81,2.4,1565817294
175.41,204,Eng2_04F-03:-49,Eng2_03F-04:-72,Eng2_04F-05:-58,Eng2_03F-02:-78,2.4,1565817298
175.41,204,Eng2_04F-03:-49,Eng2_03F-04:-73,Eng2_04F-05:-56,Eng2_03F-02:-77,2.4,1565817302
175.41,204,Eng2_04F-03:-49,Eng2_03F-04:-80,Eng2_04F-05:-62,Eng2_06F-02:-81,2.4,1565817306
175.41,204,Eng2_04F-03:-49,Eng2_03F-04:-79,Eng2_04F-05:-62,Eng2_06F-02:-81,2.4,1565817310
175.41,204,Eng2_04F-03:-49,Eng2_03F-04:-79,Eng2_04F-05:-62,Eng2_06F-02:-81,2.4,1565817314
175.41,204,Eng2_04F-03:-49,Eng1_06F-01:-62,Eng2_03F-04:-79,Eng2_04F-05:-58,2.4,1565817318
175.41,204,Eng2_04F-03:-49,Eng1_06F-01:-62,Eng2_03F-04:-79,Eng2_04F-05:-58,2.4,1565817322
175.41,204,Eng2_04F-03:-49,Eng1_06F-01:-62,Eng2_03F-04:-80,Eng2_04F-05:-63,2.4,1565817326
175.41,204,Eng2_04F-03:-49,Eng1_06F-01:-62,Eng2_03F-04:-80,Eng2_04F-05:-77,2.4,1565817330
175.41,204,Eng2_04F-03:-49,Eng1_06F-01:-62,Eng2_03F-04:-80,Eng2_04F-05:-55,2.4,1565817334
175.41,204,Eng2_04F-03:-49,Eng1_06F-01:-62,Eng2_03F-04:-81,Eng2_04F-05:-81,2.4,1565817338
175.41,204,Eng2_04F-03:-49,Eng2_03F-04:-81,Eng2_04F-05:-76,Eng2_03F-02:-74,2.4,1565817342
175.41,204,Eng2_04F-03:-49,Eng2_03F-04:-84,Eng2_04F-05:-73,Eng2_03F-02:-73,2.4,1565817346
175.41,204,Eng2_04F-03:-49,Eng2_03F-04:-84,Eng2_04F-05:-84,Eng2_03F-02:-71,2.4,1565817350
175.41,204,Eng2_04F-03:-49,Eng2_03F-04:-80,Eng2_04F-05:-67,Eng2_03F-02:-73,2.4,1565817354
175.41,204,Eng2_04F-03:-49,Eng2_03F-04:-81,Eng2_04F-05:-69,Eng2_03F-02:-73,2.4,1565817358
174.49,154.51,Eng2_04F-03:-50,Eng2_03F-04:-88,Eng2_04F-05:-73,Eng2_06F-05:-91,2.4,1565817383
174.49,154.51,Eng2_04F-03:-50,Eng2_03F-04:-88,Eng2_04F-05:-73,Eng2_06F-05:-91,2.4,1565817387
174.49,154.51,Eng2_04F-03:-50,Eng2_03F-04:-88,Eng2_04F-05:-73,Eng2_06F-05:-91,2.4,1565817391
174.49,154.51,Eng2_04F-03:-50,Eng2_03F-04:-88,Eng2_04F-05:-73,Eng2_06F-05:-91,2.4,1565817395
174.49,154.51,Eng2_04F-03:-50,Eng2_03F-04:-89,Eng2_04F-05:-73,Eng2_06F-05:-91,2.4,1565817399
174.49,154.51,Eng2_04F-03:-50,Eng2_03F-04:-89,Eng2_04F-05:-73,Eng2_06F-05:-91,2.4,1565817403
174.49,154.51,Eng2_04F-03:-50,Eng2_03F-04:-89,Eng2_04F-05:-73,Eng2_06F-05:-91,2.4,1565817407
174.49,154.51,Eng2_04F-03:-50,Eng2_03F-04:-89,Eng2_04F-05:-73,Eng2_06F-05:-91,2.4,1565817411
174.49,154.51,Eng2_04F-03:-50,Eng2_03F-04:-89,Eng2_04F-05:-73,Eng2_06F-05:-91,2.4,1565817415
174.49,154.51,Eng2_04F-03:-50,Eng2_03F-04:-89,Eng2_04F-05:-73,Eng2_06F-05:-91,2.4,1565817419
174.49,154.51,Eng2_04F-03:-50,Eng2_03F-04:-89,Eng2_04F-05:-73,Eng2_06F-05:-91,2.4,1565817424
174.49,154.51,Eng2_04F-03:-50,Eng2_03F-04:-89,Eng2_04F-05:-73,Eng2_06F-05:-91,2.4,1565817428
174.49,154.51,Eng2_04F-03:-50,Eng2_03F-04:-89,Eng2_04F-05:-73,Eng2_06F-05:-91,2.4,1565817432
174.49,154.51,Eng2_04F-03:-50,Eng2_03F-04:-89,Eng2_04F-05:-87,Eng2_06F-05:-91,2.4,1565817436
174.49,154.51,Eng2_04F-03:-50,Eng2_03F-04:-86,Eng2_04F-05:-87,Eng2_06F-05:-91,2.4,1565817440
174.49,154.51,Eng2_04F-03:-50,Eng2_03F-04:-86,Eng2_04F-05:-87,Eng2_06F-05:-91,2.4,1565817444
174.49,154.51,Eng2_04F-03:-50,Eng2_03F-04:-86,Eng2_04F-05:-87,Eng2_06F-05:-91,2.4,1565817448
174.49,154.51,Eng2_04F-03:-50,Eng2_03F-04:-86,Eng2_04F-05:-87,Eng2_06F-05:-91,2.4,1565817452
174.49,154.51,Eng2_04F-03:-50,Eng2_03F-04:-86,Eng2_04F-05:-87,Eng2_06F-05:-91,2.4,1565817456
174.49,154.51,Eng2_04F-03:-50,Eng2_03F-04:-87,Eng2_04F-05:-87,Eng2_06F-05:-91,2.4,1565817460
174.49,154.51,Eng2_04F-03:-50,Eng2_03F-04:-88,Eng2_04F-05:-85,Eng2_06F-05:-91,2.4,1565817464
174.49,154.51,Eng2_04F-03:-50,Eng2_03F-04:-88,Eng2_04F-05:-81,Eng2_06F-05:-91,2.4,1565817468
174.49,154.51,Eng2_04F-03:-44,Eng2_03F-04:-84,Eng2_04F-05:-83,Eng2_06F-05:-91,2.4,1565817472
174.49,154.51,Eng2_04F-03:-44,Eng2_03F-04:-84,Eng2_04F-05:-83,Eng2_06F-05:-91,2.4,1565817476
175,97.4,Eng2_04F-03:-44,Eng2_06F-04:-73,Eng2_03F-04:-87,Eng2_04F-05:-81,2.4,1565817496
175,97.4,Eng2_04F-03:-44,Eng2_06F-04:-73,Eng2_03F-04:-87,Eng2_04F-05:-81,2.4,1565817500
175,97.4,Eng2_04F-02:-60,Eng2_06F-04:-73,Eng2_03F-04:-87,Eng2_04F-05:-81,5,1565817504
175,97.4,Eng2_04F-02:-60,Eng2_06F-04:-73,Eng2_03F-04:-87,Eng2_04F-05:-81,5,1565817508
175,97.4,Eng2_04F-02:-60,Eng2_06F-04:-73,Eng2_04F-05:-81,Eng2_03F-02:-82,5,1565817512
175,97.4,Eng2_04F-02:-60,Eng2_06F-04:-73,Eng2_04F-05:-81,Eng2_03F-02:-86,5,1565817516
175,97.4,Eng2_04F-02:-60,Eng2_06F-04:-73,Eng2_04F-05:-81,Eng2_03F-02:-86,5,1565817520
175,97.4,Eng2_04F-02:-60,Eng2_06F-04:-73,Eng2_04F-05:-81,Eng2_03F-02:-86,5,1565817524
175,97.4,Eng2_04F-02:-60,Eng2_06F-04:-73,Eng2_04F-05:-81,Eng2_03F-02:-83,5,1565817528
175,97.4,Eng2_04F-02:-63,Eng2_06F-04:-73,Eng2_04F-05:-81,Eng2_03F-02:-83,5,1565817532
175,97.4,Eng2_04F-02:-63,Eng2_06F-04:-73,Eng2_04F-05:-81,Eng2_03F-02:-87,5,1565817536
175,97.4,Eng2_04F-02:-63,Eng2_06F-04:-73,Eng2_04F-05:-81,Eng2_03F-02:-87,5,1565817540
175,97.4,Eng2_04F-02:-63,Eng2_06F-04:-73,Eng2_04F-05:-81,Eng2_03F-02:-87,5,1565817544
175,97.4,Eng2_04F-02:-63,Eng2_06F-04:-73,Eng2_04F-05:-81,Eng2_03F-02:-87,5,1565817548
175,97.4,Eng2_04F-02:-63,Eng2_06F-04:-73,Eng2_04F-05:-81,Eng2_03F-02:-86,5,1565817552
175,97.4,Eng2_04F-02:-63,Eng2_06F-04:-73,Eng2_04F-05:-81,Eng2_03F-02:-86,5,1565817556
175,97.4,Eng2_04F-02:-63,Eng2_06F-04:-73,Eng2_04F-05:-81,Eng2_03F-02:-86,5,1565817560
175,97.4,Eng2_04F-02:-63,Eng2_06F-04:-73,Eng2_04F-05:-81,Eng2_03F-02:-85,5,1565817564
175,97.4,Eng2_04F-02:-63,Eng2_06F-04:-73,Eng2_03F-04:-90,Eng2_04F-05:-78,5,1565817568
175,97.4,Eng2_04F-02:-63,Eng2_06F-04:-73,Eng2_03F-04:-90,Eng2_04F-05:-78,5,1565817572
175,97.4,Eng2_04F-02:-63,Eng1_06F-01:-74,Eng2_06F-04:-73,Eng2_03F-04:-90,5,1565817576
175,97.4,Eng2_04F-02:-63,Eng1_06F-01:-74,Eng2_06F-04:-73,Eng2_03F-04:-90,5,1565817580
175,97.4,Eng2_04F-02:-63,Eng1_06F-01:-74,Eng2_06F-04:-73,Eng2_03F-04:-90,5,1565817584
175,97.4,Eng2_04F-02:-63,Eng1_06F-01:-74,Eng2_06F-04:-73,Eng2_03F-04:-90,5,1565817588
175,97.4,Eng2_04F-02:-63,Eng1_06F-01:-74,Eng2_06F-04:-73,Eng2_03F-04:-90,5,1565817592
175,97.4,Eng2_04F-02:-63,Eng1_06F-01:-74,Eng2_06F-04:-73,Eng2_03F-04:-90,5,1565817596
149.8,121.87,Eng2_04F-02:-63,Eng1_06F-01:-74,Eng2_03F-04:-90,Eng2_04F-05:-78,5,1565817616
149.8,121.87,Eng2_04F-02:-63,Eng1_06F-01:-74,Eng2_03F-04:-90,Eng2_04F-05:-78,5,1565817620
149.8,121.87,Eng2_04F-02:-54,Eng1_06F-01:-74,Eng2_03F-04:-90,Eng2_04F-05:-78,5,1565817624
149.8,121.87,Eng2_04F-02:-54,Eng1_06F-01:-74,Eng2_03F-04:-90,Eng2_04F-05:-78,5,1565817628
149.8,121.87,Eng2_04F-02:-54,Eng1_06F-01:-74,Eng2_03F-04:-90,Eng2_04F-05:-78,5,1565817632
149.8,121.87,Eng2_04F-02:-54,Eng1_06F-01:-74,Eng2_03F-04:-90,Eng2_04F-05:-78,5,1565817636
149.8,121.87,Eng2_04F-02:-54,Eng1_06F-01:-74,Eng2_03F-04:-90,Eng2_04F-05:-78,5,1565817640
149.8,121.87,Eng2_04F-02:-54,Eng1_06F-01:-74,Eng2_03F-04:-90,Eng2_04F-05:-78,5,1565817644
149.8,121.87,Eng2_04F-02:-54,Eng1_06F-01:-74,Eng2_03F-04:-90,Eng2_04F-05:-78,5,1565817648
149.8,121.87,Eng2_04F-02:-54,Eng1_06F-01:-74,Eng2_03F-04:-90,Eng2_04F-05:-78,5,1565817653
149.8,121.87,Eng2_04F-02:-54,Eng1_06F-01:-74,Eng2_03F-04:-90,Eng2_04F-05:-78,5,1565817657
149.8,121.87,Eng2_04F-02:-54,Eng1_06F-01:-74,Eng2_03F-04:-90,Eng2_04F-05:-78,5,1565817661
149.8,121.87,Eng2_04F-02:-54,Eng1_06F-01:-74,Eng2_03F-04:-90,Eng2_04F-05:-78,5,1565817665
149.8,121.87,Eng2_04F-02:-54,Eng1_06F-01:-74,Eng2_03F-04:-90,Eng2_04F-05:-78,5,1565817669
149.8,121.87,Eng2_04F-02:-54,Eng1_06F-01:-74,Eng2_03F-04:-90,Eng2_04F-05:-78,5,1565817673
149.8,121.87,Eng2_04F-02:-54,Eng1_06F-01:-74,Eng2_03F-04:-90,Eng2_04F-05:-78,5,1565817677
149.8,121.87,Eng2_04F-02:-54,Eng1_06F-01:-74,Eng2_03F-04:-90,Eng2_04F-05:-78,5,1565817681
149.8,121.87,Eng2_04F-02:-54,Eng1_06F-01:-74,Eng2_03F-04:-90,Eng2_04F-05:-78,5,1565817685
149.8,121.87,Eng2_04F-02:-54,Eng1_06F-01:-74,Eng2_03F-04:-90,Eng2_04F-05:-78,5,1565817689
149.8,121.87,Eng2_04F-02:-54,Eng1_06F-01:-74,Eng2_03F-04:-90,Eng2_04F-05:-78,5,1565817693
149.8,121.87,Eng2_04F-02:-54,Eng1_06F-01:-74,Eng2_03F-04:-90,Eng2_04F-05:-78,5,1565817697
149.8,121.87,Eng2_04F-02:-54,Eng1_06F-01:-74,Eng2_03F-04:-90,Eng2_04F-05:-78,5,1565817701
149.8,121.87,Eng2_04F-02:-54,Eng1_06F-01:-74,Eng2_03F-04:-90,Eng2_04F-05:-78,5,1565817705
149.8,121.87,Eng2_04F-02:-54,Eng1_06F-01:-74,Eng2_03F-04:-90,Eng2_04F-05:-78,5,1565817709
149.8,121.87,Eng2_04F-02:-42,Eng1_06F-01:-74,Eng2_03F-04:-90,Eng2_04F-05:-78,5,1565817713
